1737 2989
792 165 1053 202 -40-

254 303 324 328 om.
356 291 409 328 Εα
433 290 439 342 Ι
466 292 486 327 7
519 290 754 329 substulistis
798 290 827 327 E
852 290 858 339 Ι
884 291 906 329 8
937 291 1026 340 fata]
1057 291 1155 329 facta
1183 290 1249 328 NT
1274 291 1279 339 Ι
1305 291 1327 327 9
1357 296 1440 327 ante
1468 289 1593 327 sinitis

254 355 342 393 add.
373 356 416 393 ut
444 355 487 394 T.
518 353 675 406 cineres]
705 367 773 392 om.
805 354 834 392 E
859 354 864 404 Ι
894 356 942 392 10
970 354 1163 407 munifica]
1193 353 1369 393 munifice
1390 352 1449 391 OE
1469 353 1591 392 muni-

252 420 313 456 fici
343 419 376 456 N
402 419 550 457 munice
576 419 619 456 T.
644 419 781 467 speciei
802 417 841 457 C.
869 417 1088 469 ministerii]
1109 419 1297 467 mysteriis
1319 418 1346 455 C
1371 417 1592 455 ministeriis

256 483 285 520 E
310 481 315 532 Ι
344 485 384 520 11
421 480 669 533 sepulturam]
699 494 767 519 om.
799 482 828 518 E
854 483 859 530 Ι
887 482 933 519 12
965 481 1209 533 amatoribus]
1253 481 1441 519 amoribus
1464 494 1498 518 α.
1528 492 1591 519 ve-

253 546 340 583 stris
371 546 554 583 exhibetis
604 545 693 583 ΕΝα
718 547 723 593 Ι
752 546 798 583 13
841 545 1009 583 omnium
1053 546 1237 583 malorum
1282 545 1325 582 N.
1369 544 1587 582 mortalium

256 608 315 646 ΟΕ
340 610 346 656 Ι
376 611 421 646 14
464 607 653 659 concludi]
697 608 853 646 conduci
899 608 940 646 E.
970 608 1198 646 adfirmastis
1238 609 1266 645 E
1291 609 1297 656 Ι
1329 610 1371 646 16
1402 606 1592 658 disquirit]

257 672 435 709 discurrit
465 670 504 710 C.
528 678 613 721 post
644 672 851 709 Alexander
892 671 981 709 add.
1010 672 1068 709 N:
1112 672 1184 709 Vos
1228 671 1490 721 pactualiaque
1532 683 1592 708 ar-

254 736 326 773 mis
369 736 502 773 rutilos
547 747 636 773 auro
680 735 825 773 meatus
856 736 1043 773 decolores
1074 735 1305 773 reddidistis.
1363 734 1436 772 Vos
1467 746 1592 772 meum

256 799 460 836 videndum
490 799 702 837 monuistis.
760 799 832 836 Vos
862 800 1014 847 pontem
1045 799 1217 837 navalem
1246 798 1373 836 moliri
1396 798 1588 836 docuistis.

255 863 328 900 Vos
371 862 590 900 horribilem
634 873 833 899 occeanum
883 862 1136 910 navigabilem
1186 861 1515 909 demonstrastis!
1550 863 1590 897 17

255 925 385 974 sopiri]
418 925 581 974 soporari
612 925 639 963 C
664 926 670 973 Ι
700 926 745 963 13
774 924 939 974 vultum]
983 925 1146 962 multum
1176 938 1200 961 α
1228 926 1392 962 matrum
1421 925 1466 962 N.
1497 924 1591 962 ieiu-

258 990 364 1027 nium
413 1000 559 1038 semper
603 988 640 1025 C.
679 990 824 1037 semper
870 988 1055 1026 ieiunium
1102 988 1144 1025 T.
1171 989 1176 1034 Ι
1203 990 1251 1025 22
1296 987 1486 1039 sufficere]
1518 1000 1587 1026 om.

261 1054 288 1091 C
313 1053 318 1100 Ι
345 1055 394 1091 ‘27
425 1051 531 1104 auro]
561 1065 631 1090 om.
661 1066 695 1090 α.

362 1127 402 1164 p.
431 1117 515 1155 176.
584 1119 597 1152 l
631 1116 757 1153 ablato
787 1114 815 1153 C
847 1116 943 1160 „Vos
987 1115 1326 1164 liberos-privatis“
1373 1122 1453 1164 post
1500 1130 1527 1152 υ.
1570 1117 1611 1152 2

263 1179 458 1228 „donatis“
492 1178 520 1216 C
545 1180 550 1228 Ι
576 1179 599 1216 2
629 1178 821 1216 nobilitati
852 1178 879 1216 C
904 1180 909 1227 Ι
936 1180 957 1215 3
987 1177 1109 1230 reges]
1139 1179 1241 1228 leges
1270 1178 1316 1218 N.
1347 1179 1483 1228 facitis]
1522 1192 1591 1217 om.

259 1245 287 1281 C
313 1245 318 1292 Ι
344 1245 367 1280 4
392 1249 478 1292 post
506 1242 660 1280 nudatis
689 1242 776 1281 add.
806 1242 855 1279 N:
882 1242 959 1294 .V⁰S
990 1242 1167 1279 virtutem
1198 1242 1304 1280 viciis
1334 1242 1593 1279 fortitudinem

259 1306 423 1345 miseriis
454 1305 667 1355 subiugatis
693 1307 699 1355 Ι
726 1307 746 1342 5
778 1305 854 1354 vos]
886 1318 954 1343 om.
986 1304 1025 1343 C.
1047 1305 1271 1344 habentibus
1294 1317 1356 1343 vos
1385 1306 1416 1344 Ε
1440 1306 1446 1355 Ι
1472 1307 1494 1344 6
1512 1313 1595 1354 post

258 1371 417 1408 amando
446 1370 532 1407 add.
556 1369 642 1407 EN:
674 1369 914 1407 considerans
936 1380 998 1406 vos
1023 1381 1104 1406 eam
1125 1370 1284 1407 matrem
1305 1369 1479 1418 genuisse
1500 1382 1593 1419 quae

259 1434 417 1483 lapides,
448 1431 508 1483 de]
539 1445 608 1469 om.
639 1431 731 1469 ΕΝα
755 1430 760 1482 Ι
786 1433 808 1468 9
832 1439 918 1481 post
951 1432 1097 1470 actibus
1125 1432 1214 1471 add.
1246 1432 1338 1470 caeli
1369 1432 1413 1470 N.
1443 1434 1592 1471 tenera-

256 1508 340 1534 mur
368 1497 411 1534 T.
441 1498 669 1533 temeramur
712 1496 944 1544 temperiem.
988 1496 1107 1533 Tenet
1147 1496 1244 1544 apud
1274 1508 1340 1534 nos
1369 1496 1402 1533 N
1432 1496 1593 1546 caelum]

255 1560 348 1597 caeli
379 1559 407 1596 Ε
432 1562 438 1607 Ι
467 1560 514 1596 10
543 1557 757 1608 concordat]
803 1558 1037 1596 concordiam
1081 1558 1157 1596 EN.
1203 1558 1315 1596 habet
1359 1559 1593 1596 concordiam

256 1623 313 1671 ΟΙ
344 1624 383 1659 11
418 1622 475 1671 ut]
521 1623 557 1658 et
586 1622 625 1658 Ε.
658 1633 725 1658 sua
756 1622 794 1661 Ε.
833 1621 1050 1659 custodiunt
1086 1620 1142 1669 ΕΙ
1174 1624 1218 1659 12
1262 1623 1318 1660 est
1364 1622 1593 1670 parsimonia

254 1687 283 1724 E
308 1688 313 1734 Ι
343 1687 389 1724 13
421 1685 587 1734 illapsos]
632 1685 670 1722 in
714 1685 839 1734 lapsos
870 1685 897 1721 E
927 1684 1119 1734 inlapsum
1159 1685 1205 1723 N.
1242 1692 1327 1734 post
1356 1686 1477 1734 potest
1504 1687 1592 1724 add.

256 1762 322 1788 nos
354 1750 392 1788 Ε.
424 1748 503 1799 sed]
549 1760 678 1786 verum
708 1748 736 1787 C
761 1750 766 1796 Ι
796 1750 842 1786 14
886 1748 1058 1787 eveniant
1102 1750 1142 1787 Ε.
1182 1750 1418 1798 expectacula
1459 1750 1519 1799 ΕΙ
1548 1753 1592 1789 15

257 1811 456 1864 voluptati]
488 1812 681 1861 voluptam
703 1812 742 1850 E.
765 1812 955 1861 voluptate
980 1823 1053 1850 non
1078 1812 1252 1851 ducimur
1272 1811 1300 1850 C
1326 1814 1330 1861 Ι
1360 1813 1405 1850 16
1427 1813 1592 1866 arenam]

260 1891 329 1914 om.
361 1876 400 1915 C.
430 1877 572 1914 fluenta
600 1888 666 1924 per
690 1876 868 1913 harenam
892 1877 1085 1914 manantia
1115 1877 1142 1914 C
1168 1877 1172 1924 Ι
1201 1878 1246 1913 17
1270 1877 1438 1926 mimus]
1469 1878 1594 1915 minus

258 1941 285 1978 C
316 1939 430 1977 minis
460 1939 489 1975 Ε
515 1943 520 1983 Ι
549 1940 594 1975 19
640 1938 875 1987 repperiatur
903 1938 943 1976 E.
974 1946 1059 1987 post
1088 1939 1191 1988 *quid
1235 1940 1321 1976 add.
1366 1940 1466 1977 enim
1515 1940 1593 1979 EN.

256 2002 423 2052 tragicus
454 2003 492 2040 Ο.
525 2001 621 2050 quod
652 2000 797 2053 lugeat]
842 2014 910 2040 om.
944 2016 966 2038 α
991 2003 996 2049 Ι
1023 2004 1064 2040 21
1110 2013 1203 2040 noxa
1230 2003 1261 2040 T
1286 2004 1291 2050 Ι
1318 2005 1365 2040 22
1395 2005 1587 2052 expectare

198 2094 200 2096 -
258 2067 328 2104 ΟΕ.
360 2077 473 2114 opum
502 2065 535 2102 N
561 2066 566 2112 Ι
593 2066 641 2102 23
687 2076 781 2113 quae
823 2077 907 2103 cum
951 2067 1027 2103 sint
1069 2078 1183 2115 prava
1224 2066 1384 2104 maxime
1414 2067 1592 2105 deflemus

258 2130 285 2166 Ε
310 2130 316 2177 Ι
343 2130 391 2166 24
422 2127 529 2165 nobis
559 2139 668 2176 porro
699 2127 737 2165 C.
768 2129 1005 2177 expectacula
1034 2128 1106 2167 ET.

364 2203 407 2239 p.
436 2192 517 2230 177.
580 2194 593 2228 1
630 2190 815 2242 puniceis]
845 2192 965 2229 unicis
996 2192 1029 2229 N
1054 2194 1060 2239 Ι
1085 2194 1108 2231 3
1129 2193 1315 2231 recidivus
1338 2193 1365 2231 C
1390 2194 1395 2241 Ι
1422 2197 1444 2232 4
1470 2206 1593 2243 prose—

258 2256 388 2304 quitur
417 2253 492 2291 CN.
524 2255 690 2301 tempora
735 2254 868 2291 cuncta
907 2255 1117 2303 pampineis
1147 2255 1381 2293 redimiculis
1411 2257 1592 2295 comitan-

255 2321 318 2358 tur
348 2318 376 2357 O
404 2319 573 2365 tempora
602 2316 743 2365 species
773 2329 814 2354 ac
843 2318 1037 2365 pampnies
1067 2321 1200 2356 cuncta
1220 2319 1452 2358 redimiculis
1478 2322 1592 2359 comi-

256 2384 387 2421 tantur
434 2380 464 2418 E
506 2382 673 2428 tempora
716 2380 830 2428 spicis
879 2391 919 2423 ac
967 2381 1156 2430 pampinis
1200 2383 1321 2420 cincta
1362 2384 1593 2423 redimiculis

257 2446 481 2484 coronantur
509 2444 543 2481 N
573 2445 741 2492 tempora
785 2443 921 2492 septies
966 2455 1007 2482 ac
1036 2445 1247 2494 pampineis
1276 2448 1410 2484 cuncta
1439 2448 1592 2486 redimi-

256 2510 351 2549 culis
368 2508 598 2548 comitantur
617 2507 648 2544 T
673 2507 677 2555 Ι
704 2509 725 2545 7
741 2514 826 2557 post
845 2508 1004 2556 placidis
1025 2509 1113 2547 add.
1135 2521 1280 2559 semper
1300 2509 1328 2548 C
1353 2512 1358 2557 Ι
1385 2512 1407 2549 8
1434 2513 1592 2563 semper]

256 2588 325 2611 om.
357 2573 397 2612 C.
438 2584 583 2620 semper
627 2572 830 2609 excitatum
876 2573 915 2610 E.
947 2573 1073 2623 ferire]
1118 2574 1212 2611 ferre
1240 2574 1273 2611 N
1299 2576 1305 2622 Ι
1335 2576 1381 2613 10
1403 2583 1488 2624 pos-t
1515 2577 1594 2614 del-
