1737 2989
720 214 980 253 -36..

290 341 470 380 Iudaeum
501 342 592 379 haec
622 342 817 391 scripsisse
854 354 924 380 non
955 343 1056 391 puto,
1096 342 1194 391 quod
1229 342 1412 380 sacrificia
1441 354 1519 381 sae-

184 404 270 454 pius
307 405 582 454 vituperantur.
629 408 680 454 (p.
715 407 856 454 178,25;
907 407 1047 454 179‚1e;
1096 407 1230 454 184,s.)
1303 406 1399 443 Nam
1435 418 1521 444 011111

183 469 295 508 udaei
330 470 360 506 oi
387 472 448 519 τῆς
476 470 660 519 διασπορᾶς
707 469 874 508 dicerent
921 470 1032 508 deum
1082 481 1156 508 non
1199 471 1277 507 tam
1323 470 1516 508 sacrificiis

182 543 296 581 qnam
342 534 481 583 pietate
529 534 726 571 colendum
779 546 858 571 esse
910 535 1084 583 (Krfiger,
1127 534 1238 572 Philo
1266 546 1303 572 u.
1334 535 1520 583 Josephus

181 609 216 645 p.
248 597 329 646 28),
377 598 502 635 tamen
550 597 733 635 Iudaeum
780 609 884 636 sacra
929 599 1121 647 tantopere
1160 598 1402 648 castigavisse
1447 610 1518 635 non

182 661 387 700 verisimile
417 662 485 700 est.

288 726 429 764 Auctor
458 726 596 773 autem,
627 727 670 763 ut
698 725 925 765 Graecorum
955 726 1041 764 deos
1071 726 1273 776 castigaret
1309 726 1518 764 rhetorum-

182 800 253 838 que
296 789 464 827 moribus
508 790 752 837 satisfaceret,
793 790 1003 839 impedivit,
1048 803 1093 827 ne
1135 802 1263 828 omnes
1307 790 1517 828 collationis

181 854 307 902 partes
350 854 459 903 aptae
502 853 774 903 colligataeque
816 854 959 892 fierent.
1029 853 1144 891 Initio
1183 855 1282 891 enim
1312 853 1519 891 Alexander

181 917 404 954 Dindimum
433 918 524 964 orat,
554 919 597 954 ut
618 918 662 955 de
682 917 762 955 vita
784 919 820 955 et
839 919 1008 955 moribus
1027 918 1325 966 Bragmanorum
1347 918 1515 955 disserat.

184 981 234 1031 (p.
271 981 555 1029 169-170‚11.)
612 980 692 1019 Hoc
719 980 811 1018 facit
842 980 1054 1018 Dindimus.
1112 981 1161 1030 (p.
1198 981 1517 1029 170,12--178,2s)

181 1045 326 1083 Deinde
369 1044 578 1083 Alexander
624 1045 823 1093 respondet
866 1046 902 1082 et
931 1044 1103 1082 Dindimi
1132 1045 1336 1083 sententias
1365 1044 1516 1082 refutat.

181 1111 233 1157 (p.
268 1109 493 1158 185—189)
522 1107 623 1154 Quid
652 1108 739 1146 aliis
769 1108 938 1145 Dindimi
968 1108 1301 1146 lamentationibus
1332 1120 1424 1156 opus
1453 1111 1510 1145 est

183 1172 228 1210 de
257 1172 483 1210 Graecorum
524 1172 603 1209 deis
633 1171 785 1209 allatis?
844 1170 943 1217 Quid
972 1182 1057 1209 vero
1095 1171 1211 1209 altera
1255 1171 1428 1209 Dindimi
1459 1183 1517 1208 re-

182 1235 407 1284 sponsione?
464 1234 568 1282 Quae
598 1236 642 1273 ab
665 1235 733 1273 hoc
753 1247 875 1273 10111111
912 1236 1083 1273 contextu
1118 1235 1269 1273 omnino
1299 1235 1420 1273 aliena
1449 1237 1516 1272 est.

180 1300 227 1337 Et
257 1300 466 1337 Alexander
499 1300 537 1337 in
582 1301 747 1337 extrema
775 1299 1012 1349 responsione
1041 1311 1113 1336 non
1144 1300 1189 1336 ad
1219 1300 1314 1337 hanc
1345 1299 1515 1336 Dindimi

180 1363 395 1412 epistulam,
426 1363 490 1401 sed
519 1364 566 1401 ad
595 1363 735 1412 priores
766 1363 935 1400 Dindimi
964 1363 1110 1400 litteras
1140 1363 1350 1411 respondet.
1416 1363 1517 1399 Haec

180 1427 335 1476 quidem
378 1427 602 1476 intellegere
646 1438 719 1464 non
763 1438 972 1475 possumus,
1016 1426 1090 1464 nisi
1133 1428 1211 1464 arte
1245 1426 1429 1464 rhetorica
1458 1438 1517 1463 ex-

180 1490 408 1540 postulatur,
437 1491 480 1527 ut
500 1491 710 1527 Alexander
739 1490 919 1538 epistulae
949 1490 1120 1527 Dindimi
1157 1492 1337 1535 occurrat,
1380 1491 1514 1527 Dindi-

179 1565 263 1591 mus
306 1555 375 1592 hoc
414 1554 551 1591 iterum
596 1553 754 1601 refellat,
800 1553 1008 1591 Alexander
1050 1553 1211 1602 denique
1260 1552 1515 1602 Bragmanum

180 1618 333 1656 omnino
365 1617 508 1656 reiciat.

287 1682 341 1719 De
397 1682 516 1719 aetate
571 1681 731 1719 auctoris
789 1681 911 1718 adhuc
958 1680 1055 1718 nihil
1103 1681 1399 1719 demonstratum
1447 1682 1515 1720 est.

180 1746 347 1785 Kuebler
393 1745 477 1785 coll.
508 1746 525 1785 I
576 1757 611 1795 p.
647 1744 789 1783 XXVII
819 1756 873 1794 sq.
924 1744 1083 1794 explicat
1135 1744 1337 1782 Alcuinum
1385 1745 1515 1782 Carolo

180 1811 319 1860 Magno
364 1810 562 1849 Alexandri
608 1812 644 1847 et
684 1810 857 1847 Dindimi
893 1809 1073 1858 epistulas
1103 1809 1262 1848 misisse.
1323 1809 1454 1858 „Unde
1483 1809 1514 1846 si

182 1873 252 1911 ihil
283 1874 401 1922 aliud,
445 1874 514 1912 1100
555 1875 653 1911 certe
682 1884 728 1922 ap
751 1874 859 1921 paret
886 1872 1087 1911 Alexandri
1116 1884 1199 1911 cum
1230 1873 1409 1910 Dindimo
1438 1874 1515 1910 col-

181 1937 361 1975 lationem
391 1945 477 1975 ante
507 1937 699 1989 saeculum
729 1948 870 1973 nonum
899 1937 1078 1984 scriptam
1108 1938 1224 1975 esse.“

287 2001 462 2039 Vidimus
492 2012 605 2050 supra
634 2012 669 2049 p.
701 2000 749 2038 35
781 2001 970 2037 auctorem
999 2000 1115 2037 fuisse
1145 2000 1414 2047 Christianum,
1450 2002 1514 2048 qui

180 2065 312 2112 lingua
341 2064 482 2102 Graeca
510 2076 600 2102 usus
631 2065 699 2102 est.
755 2059 899 2113 Itaque.
916 2063 1119 2101 verisimile
1149 2065 1205 2102 est
1233 2064 1376 2103 eumin
1399 2063 1512 2102 Grae-

179 2126 236 2165 cia
279 2129 343 2165 aut
387 2128 423 2165 in
456 2128 545 2166 Asia
577 2127 758 2166 floruisse.
817 2127 987 2165 Fortasse
1016 2138 1034 2164 e
1064 2127 1190 2165 schola
1225 2127 1383 2165 Gazensi
1412 2130 1514 2165 ortus

178 2193 246 2239 est,
291 2203 387 2240 quae
429 2193 586 2230 saeculis
616 2191 764 2242 VIJVII
805 2192 966 2230 maxime
1006 2192 1143 2231 floruit.
1201 2191 1384 2230 Gazenses
1414 2192 1513 2230 enim

176 2248 343 2292 rhetores
373 2256 479 2292 erant
508 2254 727 2301 Christiani,
756 2255 1034 2304 philosophiam
1063 2256 1260 2305 praecipue
1285 2256 1513 2293 adhibebant

178 2319 403 2367 Cynicorum
447 2317 742 2366 Stoicorumque,
787 2318 961 2367 vestigiis
1002 2319 1227 2358 insistebant
1261 2319 1440 2358 Aristidis
1479 2321 1515 2357 et

176 2381 337 2420 Libanii.
377 2381 710 2430 (Christ-Schmid,
735 2381 882 2420 Griech.
907 2381 1224 2433 Literatnrgesch.
1252 2382 1324 2431 112⁵
1351 2395 1387 2431 p.
1409 2383 1514 2429 836.)

177 2446 284 2484 Certe
329 2446 533 2485 verisimile
574 2447 629 2483 est
671 2434 857 2483 rhetorem
887 2447 1055 2484 nostrum
1087 2446 1155 2484 hac
1185 2447 1304 2484 aetate
1333 2447 1512 2484 floruisse.
