<?xml version="1.0" encoding="UTF-8"?>
<!DOCTYPE html PUBLIC "-//W3C//DTD XHTML 1.0 Transitional//EN"
    "http://www.w3.org/TR/xhtml1/DTD/xhtml1-transitional.dtd">
<html xmlns="http://www.w3.org/1999/xhtml" xml:lang="en" lang="en">
 <head>
  <title>
</title>
<meta http-equiv="Content-Type" content="text/html;charset=utf-8" />
  <meta name='ocr-system' content='tesseract 3.04.00' />
  <meta name='ocr-capabilities' content='ocr_page ocr_carea ocr_par ocr_line ocrx_word'/>
</head>
<body>
  <div class='ocr_page' id='page_1' title='image "4626063_0032.png"; bbox 0 0 1737 2989; ppageno 0'>
   <div class='ocr_carea' id='block_1_1' title="bbox 757 206 1016 242">
    <p class='ocr_par' dir='ltr' id='par_1_1' title="bbox 757 206 1016 242">
     <span class='ocr_line' id='line_1_1' title="bbox 757 206 1016 242; baseline 0.008 -11"><span class='ocrx_word' id='word_1_1' title='bbox 757 206 1016 242; x_wconf 65' lang='lat'>„24-</span> 
     </span>
    </p>
   </div>
   <div class='ocr_carea' id='block_1_2' title="bbox 220 319 1574 2681">
    <p class='ocr_par' dir='ltr' id='par_1_2' title="bbox 220 319 1574 1853">
     <span class='ocr_line' id='line_1_2' title="bbox 329 319 1553 383; baseline 0.001 -14"><span class='ocrx_word' id='word_1_2' title='bbox 329 319 615 383; x_wconf 57' lang='lat'>175,⁵-176&#39;,⁵]</span> <span class='ocrx_word' id='word_1_3' title='bbox 660 333 876 370; x_wconf 77' lang='lat' dir='ltr'>Orationem</span> <span class='ocrx_word' id='word_1_4' title='bbox 914 333 975 371; x_wconf 91' lang='lat' dir='ltr'>hic</span> <span class='ocrx_word' id='word_1_5' title='bbox 1003 334 1165 383; x_wconf 88' lang='lat' dir='ltr'>legimus</span> <span class='ocrx_word' id='word_1_6' title='bbox 1195 345 1278 372; x_wconf 88' lang='lat' dir='ltr'>vere</span> <span class='ocrx_word' id='word_1_7' title='bbox 1309 333 1486 383; x_wconf 86' lang='lat' dir='ltr'>Cynicam</span> <span class='ocrx_word' id='word_1_8' title='bbox 1515 333 1553 370; x_wconf 92' lang='lat' dir='ltr'>in</span> 
     </span>
     <span class='ocr_line' id='line_1_3' title="bbox 225 386 1556 443; baseline 0.001 -9"><span class='ocrx_word' id='word_1_9' title='bbox 225 396 376 435; x_wconf 89' lang='lat' dir='ltr'>divitias</span> <span class='ocrx_word' id='word_1_10' title='bbox 406 396 587 435; x_wconf 79' lang='lat' dir='ltr'><strong>habitam.</strong></span> <span class='ocrx_word' id='word_1_11' title='bbox 636 386 793 443; x_wconf 80' lang='lat' dir='ltr'>&#39;„Ueber</span> <span class='ocrx_word' id='word_1_12' title='bbox 821 396 1020 436; x_wconf 87' lang='lat' dir='ltr'>Reichtum</span> <span class='ocrx_word' id='word_1_13' title='bbox 1050 398 1128 436; x_wconf 90' lang='lat' dir='ltr'>und</span> <span class='ocrx_word' id='word_1_14' title='bbox 1157 397 1292 437; x_wconf 88' lang='lat' dir='ltr'>Armut</span> <span class='ocrx_word' id='word_1_15' title='bbox 1312 396 1456 436; x_wconf 69' lang='lat' dir='ltr'>aussert</span> <span class='ocrx_word' id='word_1_16' title='bbox 1475 395 1556 435; x_wconf 88' lang='lat' dir='ltr'>sich</span> 
     </span>
     <span class='ocr_line' id='line_1_4' title="bbox 221 460 1557 509; baseline 0.001 -12"><span class='ocrx_word' id='word_1_17' title='bbox 221 460 280 497; x_wconf 89' lang='lat' dir='ltr'>die</span> <span class='ocrx_word' id='word_1_18' title='bbox 323 460 493 498; x_wconf 89' lang='lat' dir='ltr'>Diatribe</span> <span class='ocrx_word' id='word_1_19' title='bbox 528 461 568 504; x_wconf 84' lang='lat' dir='ltr'>in</span> <span class='ocrx_word' id='word_1_20' title='bbox 603 461 798 509; x_wconf 83' lang='lat' dir='ltr'>doppelter</span> <span class='ocrx_word' id='word_1_21' title='bbox 839 461 981 500; x_wconf 87' lang='lat' dir='ltr'>Weise:</span> <span class='ocrx_word' id='word_1_22' title='bbox 1026 463 1177 507; x_wconf 89' lang='lat' dir='ltr'>einmal,</span> <span class='ocrx_word' id='word_1_23' title='bbox 1221 463 1346 500; x_wconf 89' lang='lat' dir='ltr'>indem</span> <span class='ocrx_word' id='word_1_24' title='bbox 1390 462 1442 499; x_wconf 91' lang='lat' dir='ltr'>sie</span> <span class='ocrx_word' id='word_1_25' title='bbox 1484 461 1557 499; x_wconf 90' lang='lat' dir='ltr'>mit</span> 
     </span>
     <span class='ocr_line' id='line_1_5' title="bbox 220 524 1552 572; baseline 0.002 -12"><span class='ocrx_word' id='word_1_26' title='bbox 220 524 386 572; x_wconf 85' lang='lat' dir='ltr'>ruhiger,</span> <span class='ocrx_word' id='word_1_27' title='bbox 418 524 595 562; x_wconf 90' lang='lat' dir='ltr'>zuweilen</span> <span class='ocrx_word' id='word_1_28' title='bbox 616 524 823 561; x_wconf 88' lang='lat' dir='ltr'>ironischer</span> <span class='ocrx_word' id='word_1_29' title='bbox 847 524 1053 571; x_wconf 86' lang='lat' dir='ltr'>Dialektik,</span> <span class='ocrx_word' id='word_1_30' title='bbox 1083 526 1160 564; x_wconf 89' lang='lat' dir='ltr'>also</span> <span class='ocrx_word' id='word_1_31' title='bbox 1181 525 1286 564; x_wconf 84' lang='lat' dir='ltr'><strong>mehr</strong></span> <span class='ocrx_word' id='word_1_32' title='bbox 1306 525 1361 563; x_wconf 91' lang='lat' dir='ltr'>als</span> <span class='ocrx_word' id='word_1_33' title='bbox 1386 524 1552 570; x_wconf 84' lang='lat' dir='ltr'>„Satire“</span> 
     </span>
     <span class='ocr_line' id='line_1_6' title="bbox 221 582 1553 637; baseline -0.001 -12"><span class='ocrx_word' id='word_1_34' title='bbox 221 588 304 625; x_wconf 91' lang='lat' dir='ltr'>dem</span> <span class='ocrx_word' id='word_1_35' title='bbox 353 587 476 636; x_wconf 85' lang='lat' dir='ltr'>Leser,</span> <span class='ocrx_word' id='word_1_36' title='bbox 521 588 559 625; x_wconf 94' lang='lat' dir='ltr'>in</span> <span class='ocrx_word' id='word_1_37' title='bbox 604 588 689 625; x_wconf 91' lang='lat' dir='ltr'>dem</span> <span class='ocrx_word' id='word_1_38' title='bbox 736 587 791 625; x_wconf 88' lang='lat' dir='ltr'>sie</span> <span class='ocrx_word' id='word_1_39' title='bbox 838 582 1107 637; x_wconf 58' lang='lat' dir='ltr'>gelegentlich&#39;</span> <span class='ocrx_word' id='word_1_40' title='bbox 1143 589 1250 627; x_wconf 89' lang='lat' dir='ltr'>einen</span> <span class='ocrx_word' id='word_1_41' title='bbox 1298 589 1553 627; x_wconf 89' lang='lat' dir='ltr'>verstimmten</span> 
     </span>
     <span class='ocr_line' id='line_1_7' title="bbox 221 652 1555 702; baseline 0.001 -13"><span class='ocrx_word' id='word_1_42' title='bbox 221 652 357 690; x_wconf 77' lang='lat' dir='ltr'>Arinen</span> <span class='ocrx_word' id='word_1_43' title='bbox 388 653 628 700; x_wconf 87' lang='lat' dir='ltr'>voraussetzt‚</span> <span class='ocrx_word' id='word_1_44' title='bbox 660 652 719 689; x_wconf 91' lang='lat' dir='ltr'>die</span> <span class='ocrx_word' id='word_1_45' title='bbox 743 652 939 691; x_wconf 88' lang='lat' dir='ltr'>Nachteile</span> <span class='ocrx_word' id='word_1_46' title='bbox 960 653 1023 691; x_wconf 89' lang='lat' dir='ltr'>des</span> <span class='ocrx_word' id='word_1_47' title='bbox 1044 652 1274 701; x_wconf 88' lang='lat' dir='ltr'>Reichtums,</span> <span class='ocrx_word' id='word_1_48' title='bbox 1306 652 1365 691; x_wconf 90' lang='lat' dir='ltr'>die</span> <span class='ocrx_word' id='word_1_49' title='bbox 1385 652 1555 702; x_wconf 79' lang='lat' dir='ltr'>Vorzuge</span> 
     </span>
     <span class='ocr_line' id='line_1_8' title="bbox 221 715 1555 765; baseline 0.001 -13"><span class='ocrx_word' id='word_1_50' title='bbox 221 716 285 752; x_wconf 89' lang='lat' dir='ltr'>der</span> <span class='ocrx_word' id='word_1_51' title='bbox 316 715 450 753; x_wconf 81' lang='lat' dir='ltr'>Armut</span> <span class='ocrx_word' id='word_1_52' title='bbox 479 715 696 765; x_wconf 88' lang='lat' dir='ltr'>begreiflich</span> <span class='ocrx_word' id='word_1_53' title='bbox 725 716 852 753; x_wconf 91' lang='lat' dir='ltr'>macht</span> <span class='ocrx_word' id='word_1_54' title='bbox 882 737 928 743; x_wconf 95' lang='lat'>—</span> <span class='ocrx_word' id='word_1_55' title='bbox 961 728 999 753; x_wconf 90' lang='lat' dir='ltr'>so</span> <span class='ocrx_word' id='word_1_56' title='bbox 1028 719 1096 754; x_wconf 88' lang='lat' dir='ltr'>tun</span> <span class='ocrx_word' id='word_1_57' title='bbox 1127 728 1164 754; x_wconf 92' lang='grc'>03</span> <span class='ocrx_word' id='word_1_58' title='bbox 1192 728 1229 754; x_wconf 91' lang='lat' dir='ltr'>u.</span> <span class='ocrx_word' id='word_1_59' title='bbox 1260 728 1291 754; x_wconf 87' lang='lat' dir='ltr'>a.</span> <span class='ocrx_word' id='word_1_60' title='bbox 1321 716 1440 764; x_wconf 82' lang='lat' dir='ltr'>TeIes,</span> <span class='ocrx_word' id='word_1_61' title='bbox 1463 717 1555 754; x_wconf 92' lang='lat' dir='ltr'>Plu-</span> 
     </span>
     <span class='ocr_line' id='line_1_9' title="bbox 220 778 1553 828; baseline -0.001 -10"><span class='ocrx_word' id='word_1_62' title='bbox 220 780 338 828; x_wconf 82' lang='lat' dir='ltr'>tarch,</span> <span class='ocrx_word' id='word_1_63' title='bbox 369 779 478 828; x_wconf 85' lang='lat' dir='ltr'>Dion,</span> <span class='ocrx_word' id='word_1_64' title='bbox 507 779 654 818; x_wconf 85' lang='lat' dir='ltr'>Lukian</span> <span class='ocrx_word' id='word_1_65' title='bbox 689 803 735 808; x_wconf 89' lang='lat'><em>-</em></span> <span class='ocrx_word' id='word_1_66' title='bbox 765 779 865 825; x_wconf 90' lang='lat' dir='ltr'>oder,</span> <span class='ocrx_word' id='word_1_67' title='bbox 895 779 1022 819; x_wconf 91' lang='lat' dir='ltr'>indem</span> <span class='ocrx_word' id='word_1_68' title='bbox 1052 780 1106 819; x_wconf 88' lang='lat' dir='ltr'>sie</span> <span class='ocrx_word' id='word_1_69' title='bbox 1129 780 1168 819; x_wconf 87' lang='lat' dir='ltr'>in</span> <span class='ocrx_word' id='word_1_70' title='bbox 1188 778 1553 819; x_wconf 85' lang='lat' dir='ltr'>leidenschaftlicher</span> 
     </span>
     <span class='ocr_line' id='line_1_10' title="bbox 221 844 1556 898; baseline 0.001 -17"><span class='ocrx_word' id='word_1_71' title='bbox 221 845 377 894; x_wconf 87' lang='lat' dir='ltr'>Predigt</span> <span class='ocrx_word' id='word_1_72' title='bbox 407 845 472 882; x_wconf 92' lang='lat' dir='ltr'>das</span> <span class='ocrx_word' id='word_1_73' title='bbox 503 844 672 883; x_wconf 88' lang='lat' dir='ltr'>Gebaren</span> <span class='ocrx_word' id='word_1_74' title='bbox 703 845 769 882; x_wconf 90' lang='lat' dir='ltr'>der</span> <span class='ocrx_word' id='word_1_75' title='bbox 797 845 961 883; x_wconf 88' lang='lat' dir='ltr'>Reichen</span> <span class='ocrx_word' id='word_1_76' title='bbox 992 846 1174 894; x_wconf 87' lang='lat' dir='ltr'>angreift:</span> <span class='ocrx_word' id='word_1_77' title='bbox 1207 845 1349 898; x_wconf 84' lang='grc'><strong>30101103</strong></span> <span class='ocrx_word' id='word_1_78' title='bbox 1371 846 1556 894; x_wconf 86' lang='lat' dir='ltr'>begegnet</span> 
     </span>
     <span class='ocr_line' id='line_1_11' title="bbox 220 907 1554 958; baseline 0 -12"><span class='ocrx_word' id='word_1_79' title='bbox 220 908 280 946; x_wconf 90' lang='lat' dir='ltr'>bei</span> <span class='ocrx_word' id='word_1_80' title='bbox 311 907 407 947; x_wconf 85' lang='lat' dir='ltr'>ovid</span> <span class='ocrx_word' id='word_1_81' title='bbox 436 909 525 947; x_wconf 88' lang='lat' dir='ltr'>met.</span> <span class='ocrx_word' id='word_1_82' title='bbox 555 908 572 946; x_wconf 96' lang='lat' dir='ltr'>I</span> <span class='ocrx_word' id='word_1_83' title='bbox 608 909 677 947; x_wconf 90' lang='grc'>137</span> <span class='ocrx_word' id='word_1_84' title='bbox 710 920 804 958; x_wconf 62' lang='lat' dir='ltr'>sqq„</span> <span class='ocrx_word' id='word_1_85' title='bbox 835 909 938 946; x_wconf 89' lang='lat' dir='ltr'>dann</span> <span class='ocrx_word' id='word_1_86' title='bbox 968 910 1169 947; x_wconf 90' lang='lat' dir='ltr'>besonders</span> <span class='ocrx_word' id='word_1_87' title='bbox 1197 909 1257 947; x_wconf 90' lang='lat' dir='ltr'>bei</span> <span class='ocrx_word' id='word_1_88' title='bbox 1278 909 1420 947; x_wconf 88' lang='lat' dir='ltr'>Seneka</span> <span class='ocrx_word' id='word_1_89' title='bbox 1439 909 1486 956; x_wconf 92' lang='lat' dir='ltr'>(z.</span> <span class='ocrx_word' id='word_1_90' title='bbox 1514 909 1554 946; x_wconf 81' lang='lat' dir='ltr'>B.</span> 
     </span>
     <span class='ocr_line' id='line_1_12' title="bbox 222 972 1555 1022; baseline 0.002 -13"><span class='ocrx_word' id='word_1_91' title='bbox 222 973 267 1009; x_wconf 84' lang='lat' dir='ltr'>de</span> <span class='ocrx_word' id='word_1_92' title='bbox 296 974 351 1010; x_wconf 91' lang='lat' dir='ltr'>ira</span> <span class='ocrx_word' id='word_1_93' title='bbox 378 974 435 1010; x_wconf 90' lang='lat' dir='ltr'>III</span> <span class='ocrx_word' id='word_1_94' title='bbox 466 973 543 1020; x_wconf 82' lang='lat'>33),</span> <span class='ocrx_word' id='word_1_95' title='bbox 574 974 608 1011; x_wconf 90' lang='lat' dir='ltr'>d.</span> <span class='ocrx_word' id='word_1_96' title='bbox 641 973 676 1011; x_wconf 90' lang='lat' dir='ltr'>h.</span> <span class='ocrx_word' id='word_1_97' title='bbox 708 973 835 1011; x_wconf 76' lang='lat' dir='ltr'>seinen</span> <span class='ocrx_word' id='word_1_98' title='bbox 880 973 1086 1013; x_wconf 86' lang='lat' dir='ltr'>Mustern.“</span> <span class='ocrx_word' id='word_1_99' title='bbox 1158 972 1371 1022; x_wconf 75' lang='lat' dir='ltr'>(Greffcken.¹</span> <span class='ocrx_word' id='word_1_100' title='bbox 1410 986 1444 1022; x_wconf 90' lang='lat' dir='ltr'>p.</span> <span class='ocrx_word' id='word_1_101' title='bbox 1476 974 1555 1020; x_wconf 82' lang='lat'>42.)</span> 
     </span>
     <span class='ocr_line' id='line_1_13' title="bbox 221 1035 1556 1084; baseline 0.001 -11"><span class='ocrx_word' id='word_1_102' title='bbox 221 1035 416 1073; x_wconf 87' lang='lat' dir='ltr'>Eiusmodi</span> <span class='ocrx_word' id='word_1_103' title='bbox 446 1035 650 1073; x_wconf 77' lang='lat' dir='ltr'>diatribam</span> <span class='ocrx_word' id='word_1_104' title='bbox 680 1036 741 1073; x_wconf 91' lang='lat' dir='ltr'>hic</span> <span class='ocrx_word' id='word_1_105' title='bbox 771 1037 998 1074; x_wconf 86' lang='lat' dir='ltr'>invenimus.</span> <span class='ocrx_word' id='word_1_106' title='bbox 1056 1037 1139 1074; x_wconf 91' lang='lat' dir='ltr'>Sen.</span> <span class='ocrx_word' id='word_1_107' title='bbox 1171 1038 1215 1074; x_wconf 91' lang='lat' dir='ltr'>de</span> <span class='ocrx_word' id='word_1_108' title='bbox 1243 1038 1326 1074; x_wconf 91' lang='lat' dir='ltr'>ben.</span> <span class='ocrx_word' id='word_1_109' title='bbox 1358 1037 1429 1073; x_wconf 85' lang='lat' dir='ltr'>VII</span> <span class='ocrx_word' id='word_1_110' title='bbox 1458 1039 1480 1073; x_wconf 88' lang='grc'>9</span> <span class='ocrx_word' id='word_1_111' title='bbox 1501 1047 1556 1084; x_wconf 93' lang='lat' dir='ltr'>sq.</span> 
     </span>
     <span class='ocr_line' id='line_1_14' title="bbox 223 1099 1556 1150; baseline -0.001 -12"><span class='ocrx_word' id='word_1_112' title='bbox 223 1100 386 1138; x_wconf 82' lang='lat' dir='ltr'>diatriba</span> <span class='ocrx_word' id='word_1_113' title='bbox 416 1101 471 1138; x_wconf 89' lang='lat' dir='ltr'>est</span> <span class='ocrx_word' id='word_1_114' title='bbox 502 1100 691 1139; x_wconf 81' lang='lat' dir='ltr'>Demetrio</span> <span class='ocrx_word' id='word_1_115' title='bbox 722 1099 860 1150; x_wconf 87' lang='lat' dir='ltr'>Cynico</span> <span class='ocrx_word' id='word_1_116' title='bbox 890 1100 1050 1139; x_wconf 75' lang='lat' dir='ltr'>addicta.</span> <span class='ocrx_word' id='word_1_117' title='bbox 1091 1101 1161 1139; x_wconf 89' lang='lat' dir='ltr'>Hic</span> <span class='ocrx_word' id='word_1_118' title='bbox 1192 1123 1238 1128; x_wconf 88' lang='lat'>—</span> <span class='ocrx_word' id='word_1_119' title='bbox 1264 1100 1363 1139; x_wconf 88' lang='lat' dir='ltr'>utin</span> <span class='ocrx_word' id='word_1_120' title='bbox 1386 1099 1556 1138; x_wconf 86' lang='lat' dir='ltr'>Dindimi</span> 
     </span>
     <span class='ocr_line' id='line_1_15' title="bbox 223 1164 1555 1214; baseline 0 -13"><span class='ocrx_word' id='word_1_121' title='bbox 223 1164 385 1213; x_wconf 77' lang='lat' dir='ltr'>epistula</span> <span class='ocrx_word' id='word_1_122' title='bbox 431 1188 471 1192; x_wconf 93' lang='lat'>—</span> <span class='ocrx_word' id='word_1_123' title='bbox 524 1166 652 1202; x_wconf 83' lang='lat' dir='ltr'>auctor</span> <span class='ocrx_word' id='word_1_124' title='bbox 688 1164 912 1214; x_wconf 87' lang='lat' dir='ltr'>Cynicorum</span> <span class='ocrx_word' id='word_1_125' title='bbox 949 1166 1057 1203; x_wconf 93' lang='lat' dir='ltr'>modo</span> <span class='ocrx_word' id='word_1_126' title='bbox 1087 1165 1282 1203; x_wconf 87' lang='lat' dir='ltr'>avaritiam</span> <span class='ocrx_word' id='word_1_127' title='bbox 1311 1164 1432 1213; x_wconf 89' lang='lat' dir='ltr'>ipsam</span> <span class='ocrx_word' id='word_1_128' title='bbox 1463 1165 1555 1202; x_wconf 88' lang='lat' dir='ltr'>allo-</span> 
     </span>
     <span class='ocr_line' id='line_1_16' title="bbox 224 1228 1556 1277; baseline 0.002 -12"><span class='ocrx_word' id='word_1_129' title='bbox 224 1229 364 1276; x_wconf 76' lang='lat' dir='ltr'>quitur,</span> <span class='ocrx_word' id='word_1_130' title='bbox 434 1228 626 1277; x_wconf 86' lang='lat' dir='ltr'>Imprimis</span> <span class='ocrx_word' id='word_1_131' title='bbox 670 1229 945 1277; x_wconf 85' lang='lat' dir='ltr'>vituperantur,</span> <span class='ocrx_word' id='word_1_132' title='bbox 986 1228 1051 1277; x_wconf 90' lang='lat' dir='ltr'>qui</span> <span class='ocrx_word' id='word_1_133' title='bbox 1080 1240 1253 1277; x_wconf 85' lang='lat' dir='ltr'>agrorum</span> <span class='ocrx_word' id='word_1_134' title='bbox 1284 1239 1435 1267; x_wconf 90' lang='lat' dir='ltr'>suorum</span> <span class='ocrx_word' id='word_1_135' title='bbox 1465 1230 1556 1267; x_wconf 90' lang='lat' dir='ltr'>fines</span> 
     </span>
     <span class='ocr_line' id='line_1_17' title="bbox 223 1292 1558 1342; baseline 0.001 -12"><span class='ocrx_word' id='word_1_136' title='bbox 223 1303 428 1342; x_wconf 87' lang='lat' dir='ltr'>propagare</span> <span class='ocrx_word' id='word_1_137' title='bbox 476 1293 653 1330; x_wconf 88' lang='lat' dir='ltr'>studeant</span> <span class='ocrx_word' id='word_1_138' title='bbox 703 1293 777 1340; x_wconf 92' lang='lat' dir='ltr'>(W.</span> <span class='ocrx_word' id='word_1_139' title='bbox 826 1292 1040 1337; x_wconf 84' lang='lat' dir='ltr'>Hoffmann,</span> <span class='ocrx_word' id='word_1_140' title='bbox 1099 1292 1173 1330; x_wconf 84' lang='lat' dir='ltr'>Das</span> <span class='ocrx_word' id='word_1_141' title='bbox 1221 1292 1360 1331; x_wconf 83' lang='lat' dir='ltr'>literar.</span> <span class='ocrx_word' id='word_1_142' title='bbox 1411 1293 1558 1331; x_wconf 70' lang='lat' dir='ltr'>Portrat</span> 
     </span>
     <span class='ocr_line' id='line_1_18' title="bbox 223 1355 1557 1406; baseline 0 -12"><span class='ocrx_word' id='word_1_143' title='bbox 223 1357 451 1394; x_wconf 84' lang='lat' dir='ltr'>Alexanders</span> <span class='ocrx_word' id='word_1_144' title='bbox 495 1357 558 1394; x_wconf 83' lang='lat' dir='ltr'>des</span> <span class='ocrx_word' id='word_1_145' title='bbox 603 1355 776 1395; x_wconf 81' lang='lat' dir='ltr'>Grossen.</span> <span class='ocrx_word' id='word_1_146' title='bbox 848 1356 1004 1405; x_wconf 88' lang='lat' dir='ltr'>Leipzig</span> <span class='ocrx_word' id='word_1_147' title='bbox 1036 1357 1133 1394; x_wconf 87' lang='grc'><strong>1907</strong></span> <span class='ocrx_word' id='word_1_148' title='bbox 1174 1368 1210 1405; x_wconf 88' lang='lat' dir='ltr'>p.</span> <span class='ocrx_word' id='word_1_149' title='bbox 1242 1357 1320 1406; x_wconf 86' lang='lat'>52),</span> <span class='ocrx_word' id='word_1_150' title='bbox 1355 1358 1397 1394; x_wconf 88' lang='lat' dir='ltr'>ut</span> <span class='ocrx_word' id='word_1_151' title='bbox 1426 1358 1510 1396; x_wconf 90' lang='lat' dir='ltr'>coll.</span> <span class='ocrx_word' id='word_1_152' title='bbox 1540 1358 1557 1394; x_wconf 97' lang='lat' dir='ltr'>I</span> 
     </span>
     <span class='ocr_line' id='line_1_19' title="bbox 225 1419 1557 1470; baseline 0 -12"><span class='ocrx_word' id='word_1_153' title='bbox 225 1434 258 1469; x_wconf 93' lang='lat' dir='ltr'>p.</span> <span class='ocrx_word' id='word_1_154' title='bbox 294 1423 417 1467; x_wconf 78' lang='lat'>175,1-.›</span> <span class='ocrx_word' id='word_1_155' title='bbox 447 1422 482 1458; x_wconf 86' lang='lat' dir='ltr'>et</span> <span class='ocrx_word' id='word_1_156' title='bbox 512 1419 597 1458; x_wconf 90' lang='lat' dir='ltr'>Sen.</span> <span class='ocrx_word' id='word_1_157' title='bbox 627 1420 672 1457; x_wconf 91' lang='lat' dir='ltr'>de</span> <span class='ocrx_word' id='word_1_158' title='bbox 701 1420 784 1457; x_wconf 90' lang='lat' dir='ltr'>ben.</span> <span class='ocrx_word' id='word_1_159' title='bbox 817 1420 887 1457; x_wconf 91' lang='lat' dir='ltr'>VII</span> <span class='ocrx_word' id='word_1_160' title='bbox 920 1421 1019 1467; x_wconf 66' lang='lat' dir='ltr'>10,.r‚:</span> <span class='ocrx_word' id='word_1_161' title='bbox 1066 1433 1109 1469; x_wconf 86' lang='lat' dir='ltr'>„o</span> <span class='ocrx_word' id='word_1_162' title='bbox 1139 1420 1331 1468; x_wconf 89' lang='lat' dir='ltr'>miserum,</span> <span class='ocrx_word' id='word_1_163' title='bbox 1373 1421 1403 1459; x_wconf 92' lang='lat' dir='ltr'>si</span> <span class='ocrx_word' id='word_1_164' title='bbox 1448 1433 1557 1470; x_wconf 87' lang='lat' dir='ltr'>quem</span> 
     </span>
     <span class='ocr_line' id='line_1_20' title="bbox 224 1484 1556 1534; baseline 0.001 -12"><span class='ocrx_word' id='word_1_165' title='bbox 224 1485 399 1523; x_wconf 45' lang='lat' dir='ltr'>delectat.</span> <span class='ocrx_word' id='word_1_166' title='bbox 428 1484 647 1534; x_wconf 86' lang='lat' dir='ltr'>patrimonii</span> <span class='ocrx_word' id='word_1_167' title='bbox 693 1485 751 1522; x_wconf 91' lang='lat' dir='ltr'>sui</span> <span class='ocrx_word' id='word_1_168' title='bbox 795 1484 891 1522; x_wconf 87' lang='lat' dir='ltr'>liber</span> <span class='ocrx_word' id='word_1_169' title='bbox 932 1495 1092 1533; x_wconf 91' lang='lat' dir='ltr'>magnus</span> <span class='ocrx_word' id='word_1_170' title='bbox 1135 1485 1171 1522; x_wconf 87' lang='lat' dir='ltr'>et</span> <span class='ocrx_word' id='word_1_171' title='bbox 1200 1486 1305 1522; x_wconf 77' lang='lat' dir='ltr'>vasta</span> <span class='ocrx_word' id='word_1_172' title='bbox 1334 1485 1454 1534; x_wconf 88' lang='lat' dir='ltr'>spatia</span> <span class='ocrx_word' id='word_1_173' title='bbox 1481 1490 1556 1523; x_wconf 84' lang='lat' dir='ltr'>ter-</span> 
     </span>
     <span class='ocr_line' id='line_1_21' title="bbox 225 1549 1558 1598; baseline 0 -12"><span class='ocrx_word' id='word_1_174' title='bbox 225 1561 350 1587; x_wconf 80' lang='lat' dir='ltr'>rarum</span> <span class='ocrx_word' id='word_1_175' title='bbox 394 1549 548 1586; x_wconf 85' lang='lat' dir='ltr'>colenda</span> <span class='ocrx_word' id='word_1_176' title='bbox 593 1560 657 1597; x_wconf 89' lang='lat' dir='ltr'>per</span> <span class='ocrx_word' id='word_1_177' title='bbox 687 1549 831 1586; x_wconf 89' lang='lat' dir='ltr'>vinctos</span> <span class='ocrx_word' id='word_1_178' title='bbox 862 1549 898 1585; x_wconf 87' lang='lat' dir='ltr'>et</span> <span class='ocrx_word' id='word_1_179' title='bbox 927 1549 1102 1586; x_wconf 87' lang='lat' dir='ltr'>immensi</span> <span class='ocrx_word' id='word_1_180' title='bbox 1133 1560 1263 1597; x_wconf 85' lang='lat' dir='ltr'>greges</span> <span class='ocrx_word' id='word_1_181' title='bbox 1291 1560 1464 1597; x_wconf 91' lang='lat' dir='ltr'>pecorum</span> <span class='ocrx_word' id='word_1_182' title='bbox 1494 1562 1558 1598; x_wconf 91' lang='lat' dir='ltr'>per</span> 
     </span>
     <span class='ocr_line' id='line_1_22' title="bbox 225 1611 1558 1662; baseline -0.001 -11"><span class='ocrx_word' id='word_1_183' title='bbox 225 1613 435 1662; x_wconf 87' lang='lat' dir='ltr'>provincias</span> <span class='ocrx_word' id='word_1_184' title='bbox 467 1625 508 1651; x_wconf 87' lang='lat' dir='ltr'>ac</span> <span class='ocrx_word' id='word_1_185' title='bbox 539 1624 656 1662; x_wconf 89' lang='lat' dir='ltr'>regna</span> <span class='ocrx_word' id='word_1_186' title='bbox 684 1612 900 1661; x_wconf 86' lang='lat' dir='ltr'>pascendi“‚</span> <span class='ocrx_word' id='word_1_187' title='bbox 930 1613 966 1649; x_wconf 89' lang='lat' dir='ltr'>et</span> <span class='ocrx_word' id='word_1_188' title='bbox 996 1611 1040 1649; x_wconf 88' lang='lat' dir='ltr'>de</span> <span class='ocrx_word' id='word_1_189' title='bbox 1069 1611 1217 1650; x_wconf 85' lang='lat' dir='ltr'>luxuria</span> <span class='ocrx_word' id='word_1_190' title='bbox 1246 1612 1383 1650; x_wconf 90' lang='lat' dir='ltr'>dicitur</span> <span class='ocrx_word' id='word_1_191' title='bbox 1412 1612 1474 1660; x_wconf 89' lang='lat' dir='ltr'>(de</span> <span class='ocrx_word' id='word_1_192' title='bbox 1504 1614 1558 1650; x_wconf 88' lang='lat' dir='ltr'>ira</span> 
     </span>
     <span class='ocr_line' id='line_1_23' title="bbox 226 1676 1557 1725; baseline 0 -11"><span class='ocrx_word' id='word_1_193' title='bbox 226 1678 391 1724; x_wconf 75' lang='lat'>121,1):</span> <span class='ocrx_word' id='word_1_194' title='bbox 438 1677 570 1723; x_wconf 88' lang='lat' dir='ltr'>„ebore</span> <span class='ocrx_word' id='word_1_195' title='bbox 613 1676 791 1714; x_wconf 88' lang='lat' dir='ltr'>sustineri</span> <span class='ocrx_word' id='word_1_196' title='bbox 838 1677 929 1720; x_wconf 86' lang='lat' dir='ltr'>vult,</span> <span class='ocrx_word' id='word_1_197' title='bbox 973 1687 1138 1724; x_wconf 85' lang='lat' dir='ltr'>purpura</span> <span class='ocrx_word' id='word_1_198' title='bbox 1181 1676 1320 1723; x_wconf 78' lang='lat' dir='ltr'>vestiri,</span> <span class='ocrx_word' id='word_1_199' title='bbox 1350 1688 1438 1714; x_wconf 87' lang='lat' dir='ltr'>auro</span> <span class='ocrx_word' id='word_1_200' title='bbox 1467 1677 1557 1725; x_wconf 86' lang='lat' dir='ltr'>tegi,</span> 
     </span>
     <span class='ocr_line' id='line_1_24' title="bbox 227 1738 1574 1788; baseline -0.001 -10"><span class='ocrx_word' id='word_1_201' title='bbox 227 1744 343 1778; x_wconf 82' lang='lat' dir='ltr'>terras</span> <span class='ocrx_word' id='word_1_202' title='bbox 387 1740 600 1788; x_wconf 83' lang='lat' dir='ltr'>transferre,</span> <span class='ocrx_word' id='word_1_203' title='bbox 645 1738 761 1776; x_wconf 85' lang='lat' dir='ltr'>maria</span> <span class='ocrx_word' id='word_1_204' title='bbox 812 1739 1043 1785; x_wconf 83' lang='lat' dir='ltr'>concludere,</span> <span class='ocrx_word' id='word_1_205' title='bbox 1099 1739 1254 1776; x_wconf 87' lang='lat' dir='ltr'>flumina</span> <span class='ocrx_word' id='word_1_206' title='bbox 1303 1740 1574 1788; x_wconf 77' lang='lat' dir='ltr'>praecipitare,‘</span> 
     </span>
     <span class='ocr_line' id='line_1_25' title="bbox 226 1805 667 1853; baseline -0.002 -11"><span class='ocrx_word' id='word_1_207' title='bbox 226 1816 377 1843; x_wconf 88' lang='lat' dir='ltr'>nemora</span> <span class='ocrx_word' id='word_1_208' title='bbox 406 1805 667 1853; x_wconf 89' lang='lat' dir='ltr'>suspendere.“</span> 
     </span>
    </p>

    <p class='ocr_par' dir='ltr' id='par_1_3' title="bbox 228 1867 1560 2169">
     <span class='ocr_line' id='line_1_26' title="bbox 333 1867 1558 1918; baseline 0 -11"><span class='ocrx_word' id='word_1_209' title='bbox 333 1868 523 1918; x_wconf 85' lang='lat' dir='ltr'>Exempla,</span> <span class='ocrx_word' id='word_1_210' title='bbox 567 1879 662 1917; x_wconf 85' lang='lat' dir='ltr'>quae</span> <span class='ocrx_word' id='word_1_211' title='bbox 691 1868 841 1906; x_wconf 87' lang='lat' dir='ltr'>fabulae</span> <span class='ocrx_word' id='word_1_212' title='bbox 871 1868 1060 1916; x_wconf 82' lang='lat' dir='ltr'>praebent,</span> <span class='ocrx_word' id='word_1_213' title='bbox 1089 1867 1307 1905; x_wconf 88' lang='lat' dir='ltr'>afferuntur.</span> <span class='ocrx_word' id='word_1_214' title='bbox 1365 1869 1418 1906; x_wconf 92' lang='lat' dir='ltr'>De</span> <span class='ocrx_word' id='word_1_215' title='bbox 1450 1869 1558 1916; x_wconf 79' lang='lat' dir='ltr'>‚Iove</span> 
     </span>
     <span class='ocr_line' id='line_1_27' title="bbox 228 1931 1558 1981; baseline 0 -10"><span class='ocrx_word' id='word_1_216' title='bbox 228 1935 264 1971; x_wconf 87' lang='lat' dir='ltr'>et</span> <span class='ocrx_word' id='word_1_217' title='bbox 294 1934 443 1970; x_wconf 86' lang='lat' dir='ltr'>Danae“</span> <span class='ocrx_word' id='word_1_218' title='bbox 476 1935 527 1980; x_wconf 90' lang='lat' dir='ltr'>(p.</span> <span class='ocrx_word' id='word_1_219' title='bbox 562 1933 701 1981; x_wconf 73' lang='lat'>175‚2‹;)</span> <span class='ocrx_word' id='word_1_220' title='bbox 733 1932 913 1980; x_wconf 89' lang='lat' dir='ltr'>permulti</span> <span class='ocrx_word' id='word_1_221' title='bbox 935 1931 1204 1969; x_wconf 86' lang='lat' dir='ltr'>disseruerunt.</span> <span class='ocrx_word' id='word_1_222' title='bbox 1259 1931 1347 1971; x_wconf 90' lang='lat' dir='ltr'>Hor.</span> <span class='ocrx_word' id='word_1_223' title='bbox 1369 1944 1481 1971; x_wconf 87' lang='lat' dir='ltr'>carm.</span> <span class='ocrx_word' id='word_1_224' title='bbox 1502 1933 1558 1971; x_wconf 92' lang='lat' dir='ltr'>III</span> 
     </span>
     <span class='ocr_line' id='line_1_28' title="bbox 233 1994 1556 2044; baseline 0 -11"><span class='ocrx_word' id='word_1_225' title='bbox 233 1998 309 2044; x_wconf 83' lang='lat'>16,1</span> <span class='ocrx_word' id='word_1_226' title='bbox 342 1997 378 2033; x_wconf 93' lang='lat' dir='ltr'>et</span> <span class='ocrx_word' id='word_1_227' title='bbox 407 1996 561 2033; x_wconf 89' lang='lat' dir='ltr'>Lucian.</span> <span class='ocrx_word' id='word_1_228' title='bbox 607 1996 697 2043; x_wconf 86' lang='lat' dir='ltr'>gall.</span> <span class='ocrx_word' id='word_1_229' title='bbox 732 1996 779 2031; x_wconf 88' lang='grc'>13</span> <span class='ocrx_word' id='word_1_230' title='bbox 823 1994 954 2032; x_wconf 87' lang='lat' dir='ltr'>dicunt</span> <span class='ocrx_word' id='word_1_231' title='bbox 988 1995 1159 2032; x_wconf 88' lang='lat' dir='ltr'>custodes</span> <span class='ocrx_word' id='word_1_232' title='bbox 1195 1995 1340 2032; x_wconf 89' lang='lat' dir='ltr'>Danaes</span> <span class='ocrx_word' id='word_1_233' title='bbox 1369 2008 1448 2033; x_wconf 91' lang='lat' dir='ltr'>esse</span> <span class='ocrx_word' id='word_1_234' title='bbox 1477 2008 1556 2034; x_wconf 89' lang='lat' dir='ltr'>cor-</span> 
     </span>
     <span class='ocr_line' id='line_1_29' title="bbox 229 2059 1560 2108; baseline -0.001 -11"><span class='ocrx_word' id='word_1_235' title='bbox 229 2061 370 2108; x_wconf 80' lang='lat' dir='ltr'>ruptos,</span> <span class='ocrx_word' id='word_1_236' title='bbox 414 2060 535 2108; x_wconf 87' lang='lat' dir='ltr'>ipsam</span> <span class='ocrx_word' id='word_1_237' title='bbox 581 2059 734 2096; x_wconf 84' lang='lat' dir='ltr'>Danaen</span> <span class='ocrx_word' id='word_1_238' title='bbox 773 2070 793 2096; x_wconf 90' lang='lat' dir='ltr'>a</span> <span class='ocrx_word' id='word_1_239' title='bbox 821 2060 906 2098; x_wconf 86' lang='lat' dir='ltr'>Iove</span> <span class='ocrx_word' id='word_1_240' title='bbox 950 2070 1037 2096; x_wconf 89' lang='lat' dir='ltr'>auro</span> <span class='ocrx_word' id='word_1_241' title='bbox 1081 2059 1290 2107; x_wconf 89' lang='lat' dir='ltr'>corruptam</span> <span class='ocrx_word' id='word_1_242' title='bbox 1340 2070 1419 2097; x_wconf 90' lang='lat' dir='ltr'>esse</span> <span class='ocrx_word' id='word_1_243' title='bbox 1467 2059 1560 2097; x_wconf 91' lang='lat' dir='ltr'>dicit</span> 
     </span>
     <span class='ocr_line' id='line_1_30' title="bbox 229 2122 644 2169; baseline -0.002 -9"><span class='ocrx_word' id='word_1_244' title='bbox 229 2124 336 2160; x_wconf 88' lang='lat' dir='ltr'>Ovid.</span> <span class='ocrx_word' id='word_1_245' title='bbox 368 2134 440 2160; x_wconf 91' lang='lat' dir='ltr'>am.</span> <span class='ocrx_word' id='word_1_246' title='bbox 470 2123 525 2161; x_wconf 83' lang='grc' dir='ltr'>ΙΙΙ</span> <span class='ocrx_word' id='word_1_247' title='bbox 555 2122 644 2169; x_wconf 72' lang='lat'>8,29:</span> 
     </span>
    </p>

    <p class='ocr_par' dir='ltr' id='par_1_4' title="bbox 383 2184 1374 2298">
     <span class='ocr_line' id='line_1_31' title="bbox 383 2184 1374 2235; baseline 0 -12"><span class='ocrx_word' id='word_1_248' title='bbox 383 2185 554 2235; x_wconf 87' lang='lat' dir='ltr'>Iuppiter</span> <span class='ocrx_word' id='word_1_249' title='bbox 583 2185 796 2223; x_wconf 88' lang='lat' dir='ltr'>admonitus</span> <span class='ocrx_word' id='word_1_250' title='bbox 827 2184 923 2222; x_wconf 92' lang='lat' dir='ltr'>nihil</span> <span class='ocrx_word' id='word_1_251' title='bbox 953 2196 1030 2222; x_wconf 90' lang='lat' dir='ltr'>esse</span> <span class='ocrx_word' id='word_1_252' title='bbox 1059 2184 1248 2234; x_wconf 89' lang='lat' dir='ltr'>potentius</span> <span class='ocrx_word' id='word_1_253' title='bbox 1273 2196 1374 2232; x_wconf 85' lang='lat' dir='ltr'>auro,</span> 
     </span>
     <span class='ocr_line' id='line_1_32' title="bbox 446 2248 1245 2298; baseline -0.001 -11"><span class='ocrx_word' id='word_1_254' title='bbox 446 2250 641 2297; x_wconf 82' lang='lat' dir='ltr'>corruptae</span> <span class='ocrx_word' id='word_1_255' title='bbox 671 2249 834 2298; x_wconf 86' lang='lat' dir='ltr'>pretium</span> <span class='ocrx_word' id='word_1_256' title='bbox 864 2248 1024 2297; x_wconf 87' lang='lat' dir='ltr'>virginis</span> <span class='ocrx_word' id='word_1_257' title='bbox 1053 2249 1132 2297; x_wconf 92' lang='lat' dir='ltr'>ipse</span> <span class='ocrx_word' id='word_1_258' title='bbox 1161 2249 1245 2287; x_wconf 88' lang='lat' dir='ltr'>fuit.</span> 
     </span>
    </p>

    <p class='ocr_par' dir='ltr' id='par_1_5' title="bbox 227 2311 1561 2681">
     <span class='ocr_line' id='line_1_33' title="bbox 335 2311 1560 2362; baseline -0.001 -9"><span class='ocrx_word' id='word_1_259' title='bbox 335 2316 376 2353; x_wconf 89' lang='lat' dir='ltr'>In</span> <span class='ocrx_word' id='word_1_260' title='bbox 421 2314 494 2352; x_wconf 92' lang='lat' dir='ltr'>fine</span> <span class='ocrx_word' id='word_1_261' title='bbox 524 2312 702 2351; x_wconf 87' lang='lat' dir='ltr'>orationis</span> <span class='ocrx_word' id='word_1_262' title='bbox 732 2312 894 2362; x_wconf 89' lang='lat' dir='ltr'>legimus</span> <span class='ocrx_word' id='word_1_263' title='bbox 925 2311 993 2351; x_wconf 91' lang='lat' dir='ltr'>hoc</span> <span class='ocrx_word' id='word_1_264' title='bbox 1021 2313 1177 2361; x_wconf 74' lang='lat'>(176,5):</span> <span class='ocrx_word' id='word_1_265' title='bbox 1224 2312 1333 2361; x_wconf 88' lang='lat' dir='ltr'>„Sola</span> <span class='ocrx_word' id='word_1_266' title='bbox 1364 2313 1560 2362; x_wconf 81' lang='lat' dir='ltr'>sapientia</span> 
     </span>
     <span class='ocr_line' id='line_1_34' title="bbox 228 2376 1559 2427; baseline 0.001 -12"><span class='ocrx_word' id='word_1_267' title='bbox 228 2380 526 2426; x_wconf 85' lang='lat' dir='ltr'>Bragmanorum</span> <span class='ocrx_word' id='word_1_268' title='bbox 558 2389 619 2414; x_wconf 89' lang='lat' dir='ltr'>vos</span> <span class='ocrx_word' id='word_1_269' title='bbox 649 2379 714 2423; x_wconf 88' lang='lat' dir='ltr'>(sc.</span> <span class='ocrx_word' id='word_1_270' title='bbox 747 2376 913 2425; x_wconf 90' lang='lat' dir='ltr'>divitias)</span> <span class='ocrx_word' id='word_1_271' title='bbox 944 2377 1093 2424; x_wconf 86' lang='lat' dir='ltr'>superat</span> <span class='ocrx_word' id='word_1_272' title='bbox 1123 2387 1195 2414; x_wconf 92' lang='lat' dir='ltr'>non</span> <span class='ocrx_word' id='word_1_273' title='bbox 1231 2376 1427 2425; x_wconf 88' lang='lat' dir='ltr'>amando“,</span> <span class='ocrx_word' id='word_1_274' title='bbox 1463 2379 1559 2427; x_wconf 90' lang='lat' dir='ltr'>quod</span> 
     </span>
     <span class='ocr_line' id='line_1_35' title="bbox 227 2439 1561 2489; baseline -0.002 -10"><span class='ocrx_word' id='word_1_275' title='bbox 227 2441 465 2489; x_wconf 86' lang='lat' dir='ltr'>interpreter:</span> <span class='ocrx_word' id='word_1_276' title='bbox 514 2440 617 2489; x_wconf 90' lang='lat' dir='ltr'>„Nur</span> <span class='ocrx_word' id='word_1_277' title='bbox 662 2440 721 2478; x_wconf 89' lang='lat' dir='ltr'>die</span> <span class='ocrx_word' id='word_1_278' title='bbox 758 2439 941 2477; x_wconf 86' lang='lat' dir='ltr'>Weisheit</span> <span class='ocrx_word' id='word_1_279' title='bbox 972 2439 1036 2477; x_wconf 87' lang='lat' dir='ltr'>der</span> <span class='ocrx_word' id='word_1_280' title='bbox 1064 2439 1301 2477; x_wconf 90' lang='lat' dir='ltr'>Brahmanen</span> <span class='ocrx_word' id='word_1_281' title='bbox 1331 2440 1561 2477; x_wconf 79' lang='lat' dir='ltr'>uberwindet</span> 
     </span>
     <span class='ocr_line' id='line_1_36' title="bbox 227 2502 1558 2552; baseline 0 -10"><span class='ocrx_word' id='word_1_282' title='bbox 227 2505 335 2552; x_wconf 86' lang='lat' dir='ltr'>euch,</span> <span class='ocrx_word' id='word_1_283' title='bbox 365 2505 531 2542; x_wconf 89' lang='lat' dir='ltr'>dadurch</span> <span class='ocrx_word' id='word_1_284' title='bbox 563 2504 648 2541; x_wconf 87' lang='lat' dir='ltr'>dass</span> <span class='ocrx_word' id='word_1_285' title='bbox 679 2504 732 2541; x_wconf 87' lang='lat' dir='ltr'>sie</span> <span class='ocrx_word' id='word_1_286' title='bbox 761 2504 889 2551; x_wconf 80' lang='lat' dir='ltr'>(euch)</span> <span class='ocrx_word' id='word_1_287' title='bbox 920 2502 1026 2541; x_wconf 90' lang='lat' dir='ltr'>nicht</span> <span class='ocrx_word' id='word_1_288' title='bbox 1054 2502 1185 2541; x_wconf 81' lang='lat' dir='ltr'>liebt.“</span> <span class='ocrx_word' id='word_1_289' title='bbox 1244 2503 1349 2541; x_wconf 89' lang='lat' dir='ltr'>codd.</span> <span class='ocrx_word' id='word_1_290' title='bbox 1379 2502 1444 2541; x_wconf 88' lang='lat' dir='ltr'>EN</span> <span class='ocrx_word' id='word_1_291' title='bbox 1474 2504 1558 2542; x_wconf 89' lang='lat' dir='ltr'>add.</span> 
     </span>
     <span class='ocr_line' id='line_1_37' title="bbox 231 2566 1560 2616; baseline 0 -11"><span class='ocrx_word' id='word_1_292' title='bbox 231 2568 492 2616; x_wconf 88' lang='lat' dir='ltr'>„considerans</span> <span class='ocrx_word' id='word_1_293' title='bbox 521 2580 585 2605; x_wconf 88' lang='lat' dir='ltr'>vos</span> <span class='ocrx_word' id='word_1_294' title='bbox 616 2579 695 2605; x_wconf 89' lang='lat' dir='ltr'>eam</span> <span class='ocrx_word' id='word_1_295' title='bbox 726 2568 886 2605; x_wconf 90' lang='lat' dir='ltr'>matrem</span> <span class='ocrx_word' id='word_1_296' title='bbox 917 2566 1090 2615; x_wconf 85' lang='lat' dir='ltr'>genuisse</span> <span class='ocrx_word' id='word_1_297' title='bbox 1126 2577 1220 2615; x_wconf 88' lang='lat' dir='ltr'>quae</span> <span class='ocrx_word' id='word_1_298' title='bbox 1248 2566 1437 2615; x_wconf 83' lang='lat' dir='ltr'>lapides“;</span> <span class='ocrx_word' id='word_1_299' title='bbox 1481 2568 1560 2605; x_wconf 90' lang='lat' dir='ltr'>cod.</span> 
     </span>
     <span class='ocr_line' id='line_1_38' title="bbox 229 2628 1561 2681; baseline 0 -13"><span class='ocrx_word' id='word_1_300' title='bbox 229 2633 517 2681; x_wconf 87' lang='lat' dir='ltr'>Bambergensis</span> <span class='ocrx_word' id='word_1_301' title='bbox 547 2633 601 2680; x_wconf 90' lang='lat' dir='ltr'>(p.</span> <span class='ocrx_word' id='word_1_302' title='bbox 638 2632 731 2678; x_wconf 76' lang='lat' dir='ltr'>13,2s</span> <span class='ocrx_word' id='word_1_303' title='bbox 762 2632 847 2670; x_wconf 90' lang='lat' dir='ltr'>coll.</span> <span class='ocrx_word' id='word_1_304' title='bbox 877 2631 932 2679; x_wconf 82' lang='lat' dir='ltr'>II)</span> <span class='ocrx_word' id='word_1_305' title='bbox 962 2630 1092 2669; x_wconf 82' lang='lat' dir='ltr'>habet:</span> <span class='ocrx_word' id='word_1_306' title='bbox 1138 2628 1231 2678; x_wconf 88' lang='lat' dir='ltr'>„Sed</span> <span class='ocrx_word' id='word_1_307' title='bbox 1273 2630 1349 2669; x_wconf 86' lang='lat' dir='ltr'>sola</span> <span class='ocrx_word' id='word_1_308' title='bbox 1378 2631 1561 2679; x_wconf 79' lang='lat' dir='ltr'>sapientia</span> 
     </span>
    </p>
   </div>
  </div>
 </body>
</html>
