1737 2989
775 181 1009 220 ..8—

220 310 404 348 naturalis
453 310 615 348 fatorum
658 308 825 347 condicio
867 309 1039 358 raperet:
1088 320 1236 358 prorsus
1266 309 1308 345 ut
1337 308 1558 346 admirabile

219 374 402 422 videatur,
432 374 500 411 hoc
529 374 607 412 illis
637 375 811 411 naturam
841 373 940 420 dare,
980 374 1076 422 quod
1108 372 1239 411 Graeci
1268 373 1380 420 longa
1409 372 1555 421 sapien-

219 438 314 475 tium
342 437 510 475 doctrina
530 437 812 487 praeceptisque
832 435 1137 486 philosophorum
1161 436 1337 485 consequi
1359 437 1556 485 nequeant,

222 502 417 550 cultosque
445 513 565 540 mores
596 502 760 539 incultae
790 501 984 539 barbariae
1013 501 1222 539 conlatione
1245 500 1424 550 superari.
1454 502 1558 538 tanto

224 566 310 612 plus
340 566 378 602 in
409 565 487 602 illis
517 564 664 613 proficit
692 564 870 601 vitiorum
900 564 1086 612 ignoratio
1115 575 1227 612 quam
1257 564 1294 601 in
1315 564 1374 601 his
1395 565 1557 612 cognitio

221 629 408 666 virtutis.“

327 693 378 730 Ex
407 693 454 730 iis
485 692 711 730 Graecorum
740 692 998 742 scriptoribus,
1029 693 1094 741 qui
1123 693 1305 735 nonnulla
1335 693 1379 731 de
1410 693 1557 742 Bragv

219 768 255 793 m
271 767 292 793 a
305 768 326 793 n
341 768 360 793 o
377 768 394 793 r
407 768 433 794 u
445 768 482 793 m
505 756 584 794 vita
603 757 640 794 et
658 755 826 794 moribus
846 756 1095 801 tradiderunt,
1122 756 1284 805 primum
1303 755 1417 794 Ones
1430 757 1558 799 icriti

219 821 448 858 mentionem
476 820 624 868 faciam,
668 821 733 870 qui
768 821 815 859 ab
845 820 1055 859 Alexandro
1087 820 1222 870 Magno
1252 820 1297 858 ad
1328 820 1558 870 Bragmanos

220 884 359 922 missus
402 895 488 922 cum
532 884 866 935 gymnosophistis,
909 884 973 934 qui
1003 884 1049 921 ad
1079 885 1210 922 urbem
1238 884 1407 922 Taxilam
1436 896 1559 923 versa—

223 949 373 997 bantur,
404 949 610 987 collocutus
640 950 706 987 est.
765 949 815 986 Hi
844 949 943 986 enim
973 948 1177 997 Bragmani
1206 949 1299 986 nudi
1328 949 1416 987 solis
1446 949 1560 987 calori

223 1023 376 1061 corpora
423 1009 628 1049 offerebant
670 1013 735 1049 aut
776 1012 815 1049 in
858 1012 1048 1060 lapidibus
1091 1011 1333 1049 calidissimis
1376 1012 1559 1049 iacebant.

221 1076 344 1123 (Kroll
373 1076 452 1113 PW
482 1087 510 1113 s.
541 1087 574 1114 v.
607 1075 796 1120 Kalan0s;
827 1074 893 1113 Ed.
917 1074 1115 1122 Schwartz,
1144 1075 1246 1113 Ffins
1262 1074 1441 1125 Vortrage
1470 1076 1562 1113 fiber

224 1139 295 1176 den
325 1139 464 1187 griech.
496 1139 648 1176 Roman.
684 1135 796 1176 1896.
827 1151 862 1187 p.
893 1139 942 1176 83
972 1141 1072 1187 sqq.)
1120 1138 1353 1176 Onesicritus
1383 1139 1562 1176 disseruit

222 1202 268 1239 de
291 1201 475 1251 colloquio
496 1214 579 1240 cum
598 1201 735 1240 Calano
756 1202 821 1239 illo
841 1202 981 1249 habito,
1010 1213 1121 1250 quem
1143 1201 1300 1251 plurimi
1322 1201 1560 1251 scriptorum,

223 1266 288 1314 qui
319 1266 363 1302 de
390 1266 613 1314 Bragmanis
643 1267 813 1315 egerunt,
843 1267 1143 1303 commemorant.
1193 1264 1300 1311 Quod
1329 1265 1559 1315 colloquium

222 1330 262 1366 E.
294 1328 480 1366 Schwartz
522 1329 545 1369 l.
578 1330 602 1367 1.
646 1329 789 1367 iudicat
831 1329 970 1367 mutari
1016 1329 1107 1376 „wie
1150 1341 1221 1366 von
1258 1329 1374 1367 selbst
1410 1329 1449 1366 in
1479 1330 1560 1367 eine

223 1392 379 1442 Predigt
421 1392 485 1430 der
527 1392 731 1442 kynischen
760 1391 891 1439 Lehre,
934 1392 1200 1431 iusbesondere
1246 1392 1311 1430 der
1354 1393 1557 1443 kynischeu

223 1456 452 1504 Monarchie,
474 1457 537 1495 des
557 1456 759 1507 kynischen
778 1457 1160 1507 Weltburgertums.“
1199 1458 1229 1496 E
1250 1456 1381 1496 Calani
1396 1458 1561 1497 oratione

225 1521 314 1559 haec
343 1522 490 1559 tantum
521 1521 672 1559 afferam
706 1522 765 1570 (fr.
798 1522 934 1559 Miiller
962 1535 997 1571 p.
1029 1522 1074 1559 51
1095 1534 1133 1549 =
1151 1520 1272 1560 Strab.
1302 1522 1370 1559 XV
1390 1535 1425 1571 p.
1448 1523 1557 1570 715):

222 1582 279 1620 Τὸ·
314 1584 457 1621 παλαιὸν
499 1584 596 1621 πάντ’
640 1583 681 1634 ἦν
723 1585 873 1634 ἀλφίτων
913 1585 969 1621 καὶ
998 1584 1152 1634 ἀλεύρων
1179 1586 1293 1634 πλήρη
1322 1585 1478 1635 καθάπερ
1507 1588 1561 1622 νῦν

222 1647 359 1687 κόνεως·
402 1650 456 1684 καὶ
495 1651 612 1697 κρῆναι
641 1646 666 1685 δ’
676 1647 793 1697 ἔρρεον
822 1650 854 1685 αἱ
883 1650 943 1697 μὲν
972 1649 1104 1693 ὕδατος,
1133 1650 1303 1698 γάλακτος
1329 1647 1476 1698 δ’ἄλλαι,
1507 1652 1561 1687 καὶ

226 1711 353 1760 ὁμοίως
395 1711 537 1760 μέλιτος,
581 1713 614 1748 αἱ
644 1711 674 1748 δ’
704 1711 806 1756 οἴνου,
835 1712 920 1752 τινὲς
947 1712 978 1749 δ’
1008 1712 1136 1750 ἐλαίου.
1182 1712 1190 1724 ‘
1207 1712 1280 1748 Υπὸ
1308 1698 1502 1762 πλησμονῆς
1528 1713 1559 1750 δ’

225 1776 254 1811 οἱ
283 1774 459 1824 ἅνθρωποι
488 1777 542 1812 καὶ
571 1779 702 1826 τρυφῆς
729 1777 775 1816 εἰς
803 1775 896 1826 ὕβριν
924 1775 1092 1825 ἐξέπεσον.
1150 1774 1235 1816 Ζεὺς
1262 1777 1299 1813 δὲ
1328 1779 1474 1827 μισήσας
1501 1779 1562 1827 τὴν

220 1839 423 1876 κατάστασιν
470 1840 613 1889 ἠφάνισε
658 1840 766 1877 πάντα
814 1841 869 1876 καὶ
914 1839 969 1877 διὰ
1016 1838 1118 1876 πόνου
1165 1840 1220 1876 τὸν
1267 1839 1335 1890 βίον
1392 1840 1559 1890 ἀπέδειξε·

220 1902 447 1953 σωφροσύνης
488 1902 526 1940 δὲ
568 1904 623 1940 καὶ
664 1905 723 1952 τῆς
765 1902 872 1953 ἄλλης
913 1903 1037 1953 ἀρετῆς
1074 1902 1316 1953 πᾰρελθούσης
1357 1904 1402 1944 εἰς
1445 1904 1561 1953 μέσον,

220 1967 318 2003 πάλιν
359 1966 499 2016 εὐπορία
537 1969 604 2003 τῶν
633 1968 775 2015 ἀγαθῶν
803 1968 959 2016 ὑπῆρξεν·
990 1960 1091 2017 ἐγγὺς
1119 1967 1238 2004 δ’ἐστὶν
1267 1966 1333 2017 ἥδη
1363 1967 1465 2017 κόρου
1494 1969 1561 2004 νυνὶ

220 2031 276 2067 καὶ
306 2030 436 2080 ὕβρεώς
465 2030 503 2066 τὸ
531 2033 686 2079 πρᾶγμα,
717 2029 899 2067 κινδυνεύει
919 2044 955 2067 -ιε
976 2030 1164 2080 ἀφανισμὸς
1182 2034 1249 2066 τῶν
1269 2029 1374 2067 ὄντων
1392 2031 1560 2079 γενέσθαι,

223 2094 293 2131 Ηίο
342 2093 567 2143 Cynicorum
615 2094 659 2131 de
711 2095 858 2132 saeculo
908 2106 1018 2132 aureo
1065 2094 1289 2132 sententiam
1337 2094 1560 2133 invenimus.

227 2158 369 2196 Dicunt
397 2158 497 2196 enim
520 2157 650 2208 Cynici
680 2158 829 2207 propter
860 2156 950 2208 ὕβριν
979 2158 1156 2196 multatos
1186 2158 1354 2196 homines
1385 2158 1438 2195 διὰ
1459 2158 1561 2195 πόνου

226 2222 343 2260 vitam
373 2223 518 2271 degere.
575 2223 636 2269 (cs.
669 2235 703 2271 p.
740 2223 815 2270 1'9.)

334 2285 496 2323 Calanus
526 2286 656 2323 illudit
685 2285 939 2323 Onesicritum
968 2286 1006 2322 et
1033 2286 1079 2323 ab
1110 2297 1150 2323 eo
1179 2287 1356 2334 postulat,
1391 2288 1433 2324 ut
1461 2289 1562 2326 veste
1595 2332 1598 2334 ,

226 2350 391 2387 detracta
422 2350 460 2387 in
491 2350 682 2398 lapidibus
713 2349 923 2387 decumbat.
976 2347 1046 2386 Sed
1078 2349 1276 2387 Mandanis
1305 2350 1382 2387 sive
1412 2351 1561 2389 Danda-

225 2412 297 2450 mis
328 2412 510 2451 Calanum
539 2413 780 2463 reprehendit
810 2414 845 2450 et
874 2412 1004 2450 laudat
1031 2412 1297 2460 Alexandrum,
1341 2414 1422 2451 διότι
1451 2415 1563 2465 ἀρχὴν

220 2476 387 2527 τοσαύτην
416 2480 554 2515 διοικῶν
583 2477 766 2527 ἐπιθυμοίη
797 2477 927 2528 σοφίας·
957 2475 1058 2526 μόνον
1085 2476 1153 2526 γὰρ
1183 2475 1249 2514 ἴδοι
1272 2477 1373 2515 αὐτὸν
1394 2478 1430 2516 ἐν
1449 2478 1564 2521 ὅπλοις

223 2542 474 2590 φιλοσοφοῦντα
545 2542 744 2578 Mnndanis
789 2541 961 2590 explieat,
1009 2543 1057 2580 ὡς
1097 2540 1150 2589 εἴη
1192 2540 1292 2589 λόγος
1338 2541 1480 2591 ἄριστος.
1527 2544 1564 2583 ὃς

221 2606 345 2653 ἡδονὴν
391 2607 447 2641 καὶ
490 2605 598 2654 λύπην
641 2608 756 2656 ψυχῆς
798 2606 1035 2655 ἀφαιρήσεται,
1083 2606 1137 2642 καὶ
1179 2605 1227 2643 ὅτι
1265 2606 1353 2656 λύπη
1382 2608 1438 2645 καὶ
1464 2607 1564 2648 πόνος

1268 2693 1272 2709 l
