1737 2989
712 145 974 183 -31—*

182 273 297 320 „Aras
341 273 541 311 Herculeas
585 273 743 323 populea
785 285 916 312 corona
951 272 1216 321 circumdat.“]
1274 273 1319 309 cf.
1352 273 1507 311 Forcell.

179 338 247 374 lex.
277 337 329 373 IV
359 337 455 374 738:
506 337 628 384 „Serv.
672 338 717 375 ad
762 338 873 386 Verg.
918 337 985 373 ecl.
1016 336 1087 372 VII
1117 337 1160 372 61
1196 337 1322 372 narrat
1364 336 1509 386 Leucen

180 400 318 439 Oceani
349 400 467 438 filiam
496 413 516 438 a
545 401 704 440 Plutone
734 401 947 438 adamatam
976 399 1117 437 fuisse:
1148 399 1232 448 post
1253 399 1332 436 cius
1352 400 1511 437 mortem

179 467 304 503 natam
347 477 426 504 esse
470 466 637 504 arborem
680 465 941 515 cognominem
983 464 1021 501 in
1059 463 1210 513 Elysiis,
1252 464 1323 530 velx
1348 464 1388 501 in
1430 464 1512 513 ripa

180 530 411 577 Acherontis,
443 542 483 567 ex
514 542 586 578 qua
615 530 795 568 Hercules
825 529 973 566 rediens
1003 528 1049 565 ab
1078 528 1214 565 Inferis
1245 540 1417 566 coronam
1437 528 1512 566 sibi

180 594 309 632 fecerit
338 595 482 643 duplici
512 582 850 641 foliorum'colore,
881 590 1050 641 geminos
1089 592 1248 639 labores,
1291 604 1511 641 superorum

181 659 457 707 inferorumque
498 659 695 707 professus.
767 657 825 694 Ob
869 657 966 693 hanc
1009 667 1159 694 causam
1197 657 1448 694 sacrificantes
1478 658 1512 694 ei

178 722 277 771 apud
321 733 422 760 aram
463 722 663 760 maximam
709 721 870 769 populea
907 730 1040 757 corona
1077 720 1207 757 ornari.
1230 720 1398 758 solebant
1426 721 1512 758 ante

180 786 333 824 Romam
377 787 603 825 conditam.“
662 786 707 822 cf.
739 785 899 822 Pausan.
946 783 977 820 V
1010 786 1107 831 14,2;
1151 784 1304 823 Theocr.
1333 784 1370 822 Il
1414 785 1512 831 1213

179 849 288 899 Verg.
319 850 385 888 ecl.
416 851 485 888 VII
507 852 568 896 61,
599 851 690 887 Aen.
715 848 806 886 VIII
837 849 912 885 276
933 859 1027 896 sqq.;
1057 847 1141 886 Sen.
1166 849 1273 888 Herc.
1297 849 1378 887 Oet.
1398 850 1510 887 1641.

177 913 344 963 (Gruppe
372 914 396 952 l.
418 915 443 951 1.
474 926 509 963 p.
535 914 606 951 146
629 912 703 950 not.
726 914 762 958 93
794 911 974 950 Wissowa
993 912 1019 949 1.
1036 912 1061 949 l.
1083 924 1118 961 p.
1141 913 1247 961 275.)
1272 934 1320 939 —
1344 913 1512 961 „Fanum

180 978 376 1026 Cupidinis
405 979 520 1016 roseis
551 978 659 1015 sertis
689 976 949 1014 condecorari“
981 977 1056 1014 alio
1085 977 1164 1014 loco
1193 989 1265 1014 non
1287 977 1375 1026 legi.
1416 977 1513 1015 Rosa

178 1042 330 1090 quidem
375 1042 505 1080 Veneri
534 1041 766 1079 >consecrata
795 1042 861 1078 est.
920 1039 1068 1078 Choric.
1097 1053 1132 1089 p.
1167 1040 1239 1078 133
1270 1041 1402 1081 Boiss.:
1445 1039 1514 1078 Καὶ

177 1106 281 1146 εἴποις
310 1106 349 1142 ἂν
377 1107 481 1153 αὐτὴν
510 1108 577 1153 (sc.
599 1105 658 1153 τὴν
680 1103 899 1153 Ἀφροδίτην)
934 1104 1047 1141 εἰκόνα
1065 1107 1125 1141 τοῦ
1143 1106 1330 1154 χρώματος
1349 1106 1512 1155 ὑπάρχειν

178 1173 225 1218 τῷ
255 1169 356 1218 ῥόδῳ.
413 1169 537 1218 Τούτῳ
581 1171 820 1217 στεφανοῦνται
862 1169 922 1216 μὲν
967 1169 1000 1204 αἱ
1037 1169 1219 1208 παστάδες.
1276 1168 1395 1217 πρέπει
1435 1169 1511 1218 γὰρ,

179 1233 282 1280 οἶμαι,
326 1233 367 1268 τὰ
409 1237 475 1268 τῶν
517 1230 680 1281 Ἐρώτων
719 1231 806 1281 ἔργα
834 1236 934 1282 φυτῷ
963 1233 1176 1281 κοσμεῖσθαι.
1233 1233 1325 1271 ibid.
1355 1245 1390 1281 p.
1426 1234 1510 1280 138,

183 1298 267 1342 142,
300 1299 385 1341 145,
420 1298 506 1339 178,
537 1297 626 1333 203.
657 1318 707 1322 —
750 1295 901 1333 Cultum
932 1297 1083 1333 deorum
1115 1296 1324 1344 discrepare
1354 1297 1511 1345 ideoque

179 1359 355 1397 inutilem
385 1371 463 1397 esse
492 1359 679 1409 imprimis
710 1359 884 1408 Epicurei
913 1360 950 1398 et
978 1358 1139 1409 Sceptici
1169 1359 1381 1408 censebant,
1417 1372 1512 1399 non-

180 1434 385 1470 numquam
416 1423 541 1460 Stoici.
599 1423 812 1469 (Geffeken2
840 1435 875 1471 p.
908 1424 995 1470 160,
1030 1424 1115 1468 187;
1147 1423 1224 1460 Cic.
1246 1424 1291 1460 de
1315 1427 1390 1460 nat.
1413 1423 1512 1462 deor.

179 1486 213 1523 11
243 1486 304 1534 63,
328 1487 387 1524 70.
429 1486 536 1536 Diog.
568 1487 658 1525 Bab.
689 1486 733 1526 fr.
751 1487 814 1534 33,
847 1486 964 1535 Kroll,
1004 1486 1138 1526 Rhein.
1168 1486 1266 1525 Mus.
1299 1489 1346 1525 72
1377 1499 1412 1536 p.
1435 1488 1514 1535 66.)

137 1541 139 1543 V
178 1550 379 1587 Christiani
411 1551 479 1587 hac
508 1552 692 1588 sententia
720 1552 923 1588 utebantur
951 1551 998 1588 ad
1028 1552 1114 1589 deos
1159 1552 1383 1590 illudendos.
1440 1553 1511 1590 Ar-

179 1615 262 1651 nob.
293 1614 349 1651 III
379 1615 440 1651 ⁶20:
474 1614 595 1661 „illud
624 1626 707 1651 vero
738 1615 837 1662 quod
869 1614 1037 1662 sequitur
1066 1615 1176 1663 quale
1206 1618 1275 1662 est,
1307 1616 1405 1664 quod
1427 1617 1513 1653 deos

178 1677 284 1714 nobis
328 1678 508 1716 inducitis
550 1678 643 1716 alios
690 1678 827 1726 fabros,
877 1678 969 1716 alios
1006 1678 1183 1725 medicos,
1231 1679 1324 1717 alios
1352 1679 1514 1718 lanarios

179 1743 312 1778 nautas
343 1741 555 1778 citharistas
577 1742 754 1779 auloedos
776 1743 968 1779 venatores
991 1735 1160 1790 pastores
1185 1744 1232 1790 et,
1264 1744 1361 1791 quod
1383 1755 1511 1791 super-

179 1806 269 1852 erat,
317 1805 518 1842 rusticos?“
596 1804 685 1842 Sim.
736 1817 793 1853 ap.
843 1806 986 1854 Ioseph.
1036 1818 1066 1843 c.
1104 1806 1239 1855 Apion.
1270 1806 1307 1844 II
1349 1809 1436 1845 242:
1485 1808 1515 1843 οἱ

177 1871 340 1918 φρονήσει
395 1869 627 1918 διαφέροντες.
647 1899 654 1906 .
673 1871 937 1918 .καταγελῶσιν,
994 1871 1024 1907 εἰ
1077 1873 1146 1906 τῶν
1192 1872 1284 1906 θεῶν
1331 1871 1407 1910 τοὺς
1453 1872 1514 1919 μὲν

102 1966 105 1971 .
178 1933 350 1982 ἀγενείους
379 1934 434 1970 καὶ
463 1933 633 1983 μειράκια,
664 1933 742 1973 τοὺς
771 1934 808 1970 δὲ
836 1933 1084 1985 πρεσβυτέρους
1112 1935 1168 1971 καὶ
1195 1937 1396 1984 γενειῶντας
1433 1934 1515 1972 εἶναι

177 1998 246 2045 χρὴ
291 1998 410 2044 δοκεῖν,
454 1997 578 2037 ἄλλους
612 1998 650 2034 δὲ
692 1998 859 2047 τετάχθαι
899 1999 981 2047 πρὸς
1018 2001 1089 2038 ταῖς
1117 1998 1261 2048 τέχναις,
1301 1999 1516 2048 χαλκεύοντα

177 2059 259 2102 τίνα,
303 2062 362 2109 τὴν
400 2062 438 2098 δὲ
475 2061 693 2111 ὑφαίνουσαν,
731 2062 787 2098 τὸν
815 2062 853 2098 δὲ
881 2064 1096 2111 πολεμοῦντα
1125 2064 1179 2099 καὶ
1209 2062 1294 2111 μετὰ
1325 2063 1515 2112 ἀνθρώπων

180 2123 387 2173 μαχόμενον,
417 2125 493 2164 τοὺς
522 2126 559 2161 δὲ
587 2127 819 2174 κιθαρίζοντας
847 2126 869 2174 ἢ
897 2127 1233 2176 τοξικῇχαίροντας.

288 2189 391 2235 181,5
409 2189 503 2238 sqq]
536 2190 630 2226 Deos
660 2191 759 2238 ipsos
790 2190 1013 2228 Graecorum
1043 2202 1174 2239 pravos
1204 2202 1283 2228 esse
1312 2191 1506 2240 popularis

178 2251 439 2301 philosophiae
469 2254 658 2291 sententia
686 2254 755 2300 est,
798 2264 872 2301 qua
901 2254 1107 2292 Christiani
1144 2255 1368 2302 utebantur;
1413 2256 1510 2304 quod

177 2315 271 2352 tales
303 2316 390 2355 deos
420 2317 614 2364 haberent,
645 2317 802 2355 Graecos
832 2317 972 2366 puniri.
1031 2316 1243 2365 (Geffcken2
1272 2331 1307 2367 p.
1340 2320 1418 2368 62.)

288 2382 410 2427 18],25
440 2382 534 2429 sqq.]
582 2381 829 2418 inveniuntur
857 2382 1070 2430 ἀλληγορίαι.
1127 2383 1181 2419 De
1222 2382 1346 2420 Furiis
1375 2385 1516 2430 (181‚25

183 2442 303 2490 182,2)
333 2444 412 2492 egit
441 2444 557 2481 Varro
586 2444 624 2482 in
667 2446 805 2492 satura,
846 2456 939 2494 quae
967 2445 1191 2484 inscribitur
1220 2446 1511 2495 „Eumenides.“

178 2506 235 2542 Ad
264 2506 333 2544 hoc
362 2509 553 2555 Norden·(
557 2508 600 2546 In
632 2509 809 2547 Varronis
830 2510 975 2547 saturas
996 2510 1215 2559 Menippeas
1235 2511 1510 2548 observat-iones

177 2569 343 2608 selectae.
401 2572 532 2609 Jahrb.
570 2572 596 2611 f.
625 2572 740 2612 klass.
771 2572 907 2611 Philol.
940 2572 1066 2622 Suppl.
1103 2573 1148 2612 18
1179 2574 1318 2622 (1892)
1344 2587 1380 2623 p.
1411 2575 1502 2623 330)
