1737 2989
671 135 934 172 -17-

243 261 311 299 ΙΙΙ.
343 263 554 308 „Adversus
586 264 741 311 gentes“
770 263 898 300 oratio.
956 262 1306 310 (178,24—18·2‚1‹;.)

248 328 284 372 a)
313 326 433 364 Deum
494 337 572 364 esse
616 325 716 372 λόγον
763 338 831 365 nec
877 326 1019 374 „caesis
1067 328 1266 366 carnibus“
1313 327 1472 376 expiarig

141 390 455 436 178‚24-179,19.

244 453 284 500 b)
313 453 554 491 Adversarios
597 452 720 493 dicere
761 453 950 492 hominem
993 465 1071 492 esse
1101 465 1256 504 parvum
1287 455 1470 492 mundum

136 522 172 554 et
214 517 298 554 aliis
339 516 418 555 deis
448 517 521 555 alia
550 518 735 556 sacrificia
763 518 991 564 sacrificare3
1040 517 1108 555 hoc
1136 530 1217 556 esse
1245 518 1468 557 absurdum:

142 580 455 627 179,19—-181,24.

241 647 273 692 c)
303 642 454 692 Εἴδωλα,
484 657 577 693 quae
606 645 704 694 apud
729 646 866 683 inferos
891 646 1143 694 inveniantur,
1173 646 1470 684 adversariorum

136 719 266 755 pravos
296 709 439 746 animos
468 720 565 746 esse:
601 708 915 756 181,24—-182,1s.

242 773 291 809 At
318 772 486 821 singulos
515 773 612 811 locos
643 784 915 820 percurramus.

245 836 421 882 Πομ-19
464 837 695 884 „Imperator
737 846 858 873 exsors
895 836 1156 885 philosophiae
1185 848 1257 873 non
1287 836 1471 873 dominari

136 899 235 938 solus
280 899 456 949 creditur,
498 900 562 938 sed
597 900 734 938 servire
764 911 876 949 quam
905 899 1132 949 plurimis.“]
1190 900 1289 938 Haec
1319 899 1470 950 quidem

135 963 358 1011 Cynicorum
389 964 574 1001 sententia
603 965 669 1009 est,
699 965 763 1012 qui
793 975 901 1013 saepe
932 964 1189 1002 disseruerunt
1218 965 1264 1001 de
1289 963 1470 1013 sapientis

137 1027 303 1077 imperio.
361 1027 514 1075 (Weber
542 1040 576 1076 p.
608 1028 768 1075 91,138;
807 1027 961 1076 Diogen.
992 1039 1051 1076 ep.
1081 1028 1160 1077 28.)
1204 1028 1471 1076 Imperatorem

135 1103 335 1140 pauperem
365 1103 455 1137 esse,
485 1092 550 1140 qui
578 1091 757 1140 ἐγκρατείᾳ
787 1094 939 1129 careret.
989 1090 1096 1137 Quod
1125 1092 1200 1130 iam
1228 1091 1470 1129 Antisthenes

135 1155 272 1194 dixisse
303 1155 460 1196 videtur.
504 1154 568 1207 (Κ.
592 1155 690 1204 Joel,
721 1155 795 1194 Der
824 1155 929 1194 echte
957 1155 1035 1193 und
1066 1155 1131 1195 der
1158 1154 1470 1205 xenophontische

134 1220 306 1258 Sokrates
343 1220 612 1268 1893—1902,
640 1220 678 1257 ΙΙ
710 1222 730 1259 1
762 1233 796 1269 p.
828 1222 890 1265 45,
920 1220 957 1259 11
987 1222 1009 1258 2
1039 1234 1075 1270 p.
1106 1222 1179 1259 561
1213 1222 1317 1270 sqq.)

249 1285 368 1330 171‚10
397 1283 492 1333 sqq]
541 1283 689 1321 Dicitur
718 1284 948 1333 Bragmanos
977 1284 1164 1333 αὐταρκείᾳ
1192 1296 1230 1321 se
1260 1283 1407 1321 dedisse
1435 1284 1472 1320 et

136 1350 256 1386 vivere
299 1348 584 1397 ὁμολογουμένως
623 1348 665 1396 τῇ
708 1347 818 1398 φύσει.
879 1348 1035 1386 Constat
1082 1348 1270 1397 imprimis
1314 1347 1470 1397 Cynicos

135 1412 270 1449 dixisse
313 1402 518 1460 sapientes
542 1411 639 1449 nihil
674 1411 898 1450 desiderare.
954 1411 1055 1460 (Joel
1083 1412 1107 1452 l.
1141 1412 1165 1449 l.
1195 1412 1233 1449 II
1263 1413 1285 1449 2
1314 1424 1350 1460 p.
1381 1410 1470 1458 670,

134 1475 174 1512 P.
219 1475 416 1522 Gerhardt,
464 1474 562 1520 Quid
602 1475 781 1524 Xenopho
821 1486 955 1513 comm.
998 1476 1108 1513 scrib.
1154 1475 1215 1513 eff.
1262 1476 1333 1513 vol.
1380 1474 1471 1512 diss·

135 1538 304 1575 Rostoch.
346 1539 446 1576 1890
489 1551 524 1587 p.
555 1540 636 1585 44.)
693 1536 820 1576 Grates
863 1538 988 1587 (Diog.
1019 1538 1142 1577 Laert.
1173 1538 1225 1575 Vl
1254 1538 1319 1587 88)
1364 1537 1472 1575 docet

133 1604 402 1652 φιλοσοφοῦντας
430 1602 574 1652 μηδενὸς
601 1602 743 1640 δεῖσθαι.
788 1602 870 1649 Qua
898 1614 937 1640 re
965 1603 1149 1652 putabant
1169 1614 1207 1640 se
1228 1602 1307 1640 deis
1327 1601 1470 1640 similes

133 1678 223 1705 esse.
282 1667 390 1716 Diog.
421 1668 542 1705 Laert.
586 1667 637 1705 VI
671 1668 765 1705 105:
809 1667 846 1707 ὃς
877 1667 941 1716 (sc.
974 1667 1179 1716 Diogenes)
1222 1666 1352 1717 ἔφασκε
1380 1667 1471 1704 θεῶν

133 1730 192 1778 μὲν
234 1729 318 1769 ἴδιον
360 1730 442 1768 εἶναι
486 1731 628 1780 μηδενὸς
670 1731 814 1775 δεῖσθαι,
843 1734 911 1768 τῶν
942 1731 980 1768 δὲ
1008 1731 1100 1771 θεοῖς
1129 1732 1256 1780 ὁμοίων
1284 1731 1322 1768 τὸ
1351 1731 1472 1780 ὀλίγων

132 1792 283 1844 χρῄζειν.
326 1796 380 1832 De
410 1795 632 1834 Antisthene
662 1808 696 1834 v.
726 1796 819 1833 ch.
852 1807 963 1833 mem.
994 1796 1011 1832 I
1042 1797 1149 1842 6,10:
1179 1796 1249 1843 ἐγὼ
1277 1796 1316 1833 δὲ
1343 1795 1470 1843 νομίζω

133 1859 169 1894 τὸ
199 1859 258 1907 μὲν
287 1859 431 1908 μηδενὸς
458 1858 590 1896 δεῖσθαι
618 1859 709 1895 θεῖον
737 1858 831 1904 εἶναι,
874 1859 911 1895 τὸ
940 1859 969 1895 δ’
999 1860 1047 1899 ὡς
1074 1858 1263 1908 ἐλαχίστων
1292 1859 1471 1909 ἐγγυτάτω

133 1925 190 1959 τοῦ
231 1923 325 1960 θείου
354 1923 410 1959 καὶ
447 1923 484 1959 τὸ
515 1923 575 1971 μὲν
603 1923 694 1960 θεῖον
723 1924 907 1972 κράτιστον,
954 1924 991 1959 τὸ
1019 1922 1049 1960 δ’
1080 1923 1258 1973 ἐγγυτάτω
1286 1926 1346 1960 τοῦ
1374 1923 1471 1960 θείου

135 1986 310 2034 ἐγγυτάτω
339 1989 397 2022 τοῦ
426 1986 613 2036 κρατίστου.

245 2049 382 2102 171‚1‹.›]
430 2051 644 2099 Explicatur
692 2051 830 2089 victum
879 2063 951 2089 non
999 2062 1077 2090 esse
1124 2051 1348 2100 capiendum
1397 2052 1470 2089 nisi

133 2113 294 2163 διαμονῆς
323 2114 435 2152 ἕνεκα.
478 2114 578 2153 Haec
607 2115 792 2153 sententia
822 2115 1007 2164 imprimis
1029 2126 1050 2153 a
1067 2115 1237 2153 Musonio
1262 2114 1470 2164 explicatur

135 2180 185 2224 (π.
215 2181 325 2227 φυγῆς
355 2178 456 2218 Stob.
491 2192 528 2228 p.
560 2181 631 2217 751
665 2177 747 2229 H.):
791 2180 936 2217 homini
964 2180 1106 2218 victum
1137 2179 1362 2229 capiendum
1390 2190 1470 2218 esse

132 2240 198 2290 οὐχ
225 2242 278 2278 ἵνα
306 2242 441 2291 ἥδηται,
471 2242 559 2279 ἀλλὰ
587 2242 639 2279 ἵνα
654 2242 834 2293 ,τρέφηται
862 2244 899 2281 et
926 2243 1090 2292 διαμονῆς
1117 2243 1228 2280 ἕνεκα.
1272 2243 1373 2281 Haec
1395 2240 1470 2292 igiss

132 2312 193 2342 tur
234 2306 347 2344 Stoici
392 2307 429 2345 et
470 2305 600 2356 Cynici
643 2306 828 2346 dixerunt.
860 2329 907 2335 —-
939 2319 971 2346 v.
1006 2310 1052 2346 15
1096 2307 1258 2358 legimus
1302 2307 1470 2346 luxuriae

132 2370 375 2417 sagacitatem
416 2371 635 2410 alimoniam
663 2371 879 2421 perquirere
907 2384 974 2421 per
1002 2372 1127 2410 omnia
1155 2374 1366 2410 currentem
1395 2372 1468 2410 ele-

131 2434 267 2471 menta.
311 2434 411 2472 Haec
440 2436 625 2474 sententia
644 2435 684 2474 in
703 2435 956 2487 philosophia,
987 2448 1099 2487 quam
1120 2436 1341 2486 popularem
1360 2447 1468 2475 voca-

131 2506 227 2540 mus,
272 2508 379 2546 saepe
407 2500 579 2538 occurrit.
637 2500 788 2548 (Hense,
831 2501 965 2540 Rhein.
996 2501 1092 2539 Mus.
1125 2502 1236 2548 61,1,0
1267 2503 1365 2550 sqq.)
1420 2500 1471 2538 Ut

131 2557 306 2597 Varronis
356 2563 483 2599 satura
528 2564 605 2612 περὶ
646 2563 842 2613 ἐδεσμάτων
885 2565 1025 2614 scripta
1072 2564 1372 2603 demonstratum
1415 2566 1471 2602 est

1217 2639 1236 2671 2
