1737 2989
805 154 1066 190 ...22-

270 278 541 328 interrogatur:
586 280 615 315 οἱ
644 280 681 316 δὲ
709 279 786 319 τοὺς
813 282 1007 326 πολυτελεῖς
1035 280 1176 320 τούτους
1207 281 1261 316 καὶ
1294 279 1446 329 ὑψηλοὺς
1478 280 1606 329 τάφους

264 340 402 392 ἔχοντες
442 344 527 392 ὑπὲρ
570 346 636 393 γῆς
672 344 728 380 καὶ
756 345 882 392 στήλας
910 345 966 381 καὶ
994 344 1124 384 εἰκόνας
1152 345 1207 381 καὶ
1235 344 1476 393 ἐπιγράμματα
1507 343 1605 380 οὐδὲν

266 408 458 455 τιμιώτεροι
497 407 579 455 παρ’
623 406 736 446 αὐτοῖς
777 408 838 443 εἰσι
877 411 945 444 τῶν
992 409 1133 445 ἰδιωτῶν
1179 411 1323 457 νεκρῶν;
1372 408 1601 456 Respondet:

264 470 398 519 Ληρεῖς,
447 471 475 507 ὧ
522 469 629 511 οὗτος.
712 471 900 520 Exempli.
930 484 1042 510 causa
1088 472 1196 511 affert
1242 472 1490 519 Maussolum,
1539 471 1603 520 qui

263 536 421 570 τοσοῦτον
451 535 636 571 ἀπολαύων
665 537 725 570 τοῦ
755 535 943 583 μνήματος,
973 536 1054 584 παρ’
1086 536 1165 572 ὅσον
1195 536 1378 586 ἐβαρύνετο
1408 534 1601 583 τηλικοῦτον

263 597 374 647 ἄχθος
401 598 618 647 ἐπικείμενος.
697 598 864 636 Eandem
895 600 1118 637 sententiam
1149 600 1359 638 invenimus
1389 598 1533 648 Catapl.
1565 601 1600 646 9,

208 669 211 672 ’
264 661 411 709 Nigrin.
446 663 513 706 303
544 663 696 699 Anthol.
727 662 807 700 Pal.
839 663 872 699 X
902 664 937 700 8.

374 723 553 777 174,s-12]
584 725 788 763 Dindimus
817 726 1022 775 pretiosum
1052 726 1232 764 amictum
1263 726 1433 775 castigat.
1477 725 1604 774 Neque

263 789 516 827 dubitandum
545 791 612 837 est,
643 789 733 837 quin
764 789 855 827 haec
883 802 940 827 res
972 791 1008 827 in
1040 789 1279 839 philosophia
1314 790 1484 838 populari
1522 802 1600 827 sae-

263 853 419 902 pissime
439 854 619 891 occurrat.
661 853 890 902 (Wendland
911 866 946 902 p.
970 856 1026 901 15,
1058 853 1252 891 Geffcken¹
1272 866 1308 902 p.
1333 855 1437 901 101.)
1477 854 1598 890 Etiam

263 917 521 954 Tertullianus
559 917 597 954 in
644 917 752 964 libro,
794 917 860 965 qui
892 918 960 965 „de
994 917 1134 966 pallio“
1166 917 1396 964 inscribitur,
1427 917 1471 954 de
1500 918 1599 954 veste

263 979 418 1027 iudicat,
450 980 534 1026 „die
564 982 640 1017 erst
682 980 764 1017 eine
807 980 1109 1027 Notwendigkeit
1150 991 1328 1027 gewesen,
1374 981 1472 1016 dann
1515 992 1598 1017 zum

263 1042 460 1091 Schmuck,
500 1045 542 1094 ja
578 1056 642 1082 zur
671 1044 891 1093 Forderung
920 1044 985 1081 der
1014 1044 1255 1092 Anmassung
1284 1043 1436 1093 gedient
1464 1042 1597 1090 habe“,

266 1108 342 1155 „im
373 1108 640 1145 Diatribenstil
670 1107 765 1145 nach
793 1107 1016 1145 bekanntem
1046 1107 1224 1145 Muster.“
1284 1103 1476 1152 (Geffcken
1506 1108 1529 1144 1.
1554 1108 1596 1154 l.)

262 1194 311 1200 —
343 1172 398 1209 De
439 1171 629 1209 munditia
671 1171 784 1209 nimis
825 1171 1012 1220 exquisita
1046 1170 1196 1221 διατριβή
1233 1182 1317 1208 cum
1347 1170 1415 1208 hac
1445 1183 1482 1207 re
1512 1183 1596 1208 eon—

262 1235 449 1285 iungitur.
507 1235 735 1283 (Wendland
765 1248 800 1284 p.
833 1236 883 1273 40
914 1235 987 1273 not.
1020 1236 1058 1283 2)
1091 1235 1256 1284 Propert.
1290 1235 1381 1281 12,.=‚
1412 1246 1490 1283 sq.:

266 1301 519 1348 „naturaeque
548 1300 659 1337 decus
688 1300 850 1337 mercato
880 1299 1032 1347 perdere
1061 1300 1179 1346 cultu,

262 1374 330 1400 nec
346 1363 467 1400 sinere
483 1363 522 1400 in
540 1362 701 1412 propriis
717 1363 883 1400 membra
900 1362 1018 1399 nitere
1036 1362 1179 1400 bonis.“
1203 1363 1260 1410 (=
1283 1362 1365 1400 coll.
1385 1362 1446 1410 Ip.
1465 1365 1594 1408 174,‚÷.)

370 1427 439 1465 Ad.
471 1439 506 1475 p.
543 1428 646 1474 174,4
695 1426 889 1474 „Membra
927 1426 1059 1474 papyri
1094 1426 1272 1474 tegmine,
1309 1425 1368 1462 vel
1406 1426 1503 1473 quod
1543 1428 1596 1463 est

262 1491 399 1536 verius,
443 1491 584 1540 pudore
627 1490 838 1527 velantur“.
895 1489 1036 1527 Becker
1079 1501 1202 1538 progr.
1235 1503 1268 1538 p.
1303 1492 1351 1527 ⁴28
1396 1491 1520 1528 monet
1562 1491 1597 1527 et

262 1555 361 1592 hunc
405 1554 528 1592 locum
567 1554 721 1601 probare
762 1553 997 1590 collationem
1035 1554 1079 1590 ab
1116 1553 1201 1591 aliis
1232 1553 1416 1591 eiusmodi
1446 1555 1595 1602 scriptis

261 1617 427 1663 differre;
458 1617 512 1655 ibi
541 1616 641 1654 enim
671 1617 901 1665 Bragmanos
932 1616 1057 1653 vivere
1086 1616 1216 1663 nudos,
1248 1616 1309 1654 hic
1347 1618 1477 1666 papyri
1514 1618 1594 1665 teg-

260 1682 361 1719 mine
391 1681 518 1719 velari.
580 1680 715 1728 „Diese
755 1679 961 1718 Nachricht
989 1680 1040 1717 ist
1069 1680 1154 1717 sehr
1184 1681 1419 1727 interessant,
1468 1682 1515 1718 da
1544 1682 1597 1718 sie

261 1758 356 1796 ganz
386 1745 557 1795 singular
586 1744 736 1783 dasteht
765 1745 841 1782 und
872 1743 939 1782 auf
964 1744 1045 1781 eine
1075 1746 1163 1792 gute
1194 1743 1327 1790 Quelle
1352 1744 1593 1793 zursickgeht.

261 1810 367 1848 Denn
398 1810 458 1847 die
487 1809 724 1846 Brahmanen
755 1809 942 1846 kleideten
973 1808 1053 1845 sich
1082 1809 1118 1844 in
1151 1809 1214 1846 der
1243 1808 1324 1855 Tat,
1363 1809 1528 1847 niimlich
1558 1810 1594 1846 in

261 1873 384 1911 flaute
413 1885 483 1911 von
515 1872 687 1910 Gazellen
719 1871 856 1919 (Strab.
887 1871 967 1919 XV,
1002 1874 1099 1918 lau),
1131 1871 1217 1908 oder
1248 1872 1282 1908 in
1315 1872 1472 1911 valkala.
1502 1872 1595 1919 (1.11.

260 1939 299 1975 in
333 1937 454 1975 Rinde
490 1948 558 1973 von
596 1936 763 1973 Baumen
799 1936 951 1981 (Lassen
983 1934 1039 1972 ΙΙ2
1070 1936 1200 1983 711).“
1264 1935 1402 1973 Notum
1439 1948 1517 1973 esse
1555 1947 1596 1973 ex

261 2001 401 2038 cortice
426 2000 599 2037 arborum
630 2001 667 2036 et
695 2011 735 2037 ex
764 1999 859 2036 libro
896 1998 1028 2047 papyri
1059 2010 1131 2035 non
1162 1999 1270 2035 modo
1309 1998 1488 2043 chartam,
1532 2001 1593 2037 sed

261 2065 373 2102 etiam
416 2063 577 2101 linteum
615 2062 801 2100 fabricari.
859 2062 989 2111 Itaque
1032 2073 1216 2111 papyrum
1247 2062 1460 2111 significare
1493 2064 1594 2110 „val-

260 2128 383 2166 kala“.
441 2126 511 2164 Sed
542 2126 743 2164 dicendum
773 2127 829 2164 est
848 2126 946 2174 apud
968 2125 1268 2163 Ps.-Palladium
1292 2126 1341 2175 (p.
1369 2128 1422 2172 8,·.ι
1449 2127 1595 2173 Pfister)

262 2192 356 2240 legi:
413 2189 597 2240 „Corpora
637 2191 761 2227 nostra
802 2190 973 2238 cooperta
1010 2189 1191 2226 habemus
1231 2190 1275 2227 de
1314 2189 1508 2227 frondibus
1538 2202 1594 2227 ar-

260 2255 429 2293 borum.“
495 2253 602 2291 Unde
640 2254 792 2303 apparet
821 2264 867 2291 ne
898 2252 1112 2291 Palladium
1143 2253 1295 2302 quidem
1325 2253 1447 2292 dicere
1477 2254 1595 2305 Brag-

259 2329 389 2356 manos
419 2317 541 2355 vivere
570 2317 701 2355 nudos.

369 2383 547 2429 174,12-20
582 2380 937 2432 „Adfconcubitum
967 2392 1037 2418 non
1069 2381 1244 2418 admonet
1274 2392 1339 2417 nos
1369 2380 1500 2427 libido,
1531 2382 1594 2418 sed

260 2445 403 2483 subolis
434 2456 538 2482 amor
569 2473 576 2482 .
610 2475 616 2481 .
648 2475 657 2483 .
687 2444 878 2482 Abortivis
900 2444 1046 2482 actibus
1069 2444 1265 2492 procedere
1286 2444 1383 2482 foeta
1404 2445 1595 2482 nascentia

259 2522 330 2547 non
361 2510 532 2547 vetamus
562 2519 628 2546 nec
657 2507 756 2546 intra
785 2508 913 2546 vivum
943 2519 1075 2556 corpus
1113 2507 1270 2545 mortem
1298 2506 1511 2545 invehimus
1541 2508 1594 2546 al-

258 2572 432 2626 terius.·]
507 2572 717 2609 Wendland
763 2584 797 2619 p.
829 2573 878 2609 34
909 2583 1001 2620 sqq,
1052 2572 1114 2619 qui
1160 2573 1348 2618 comparat
1387 2572 1593 2618 Philonem,
