1737 2989
779 179 1041 217 ...22-

244 303 515 354 interrogatur:
560 306 590 341 οἱ
618 305 656 341 δὲ
683 305 760 345 τοὺς
787 307 982 353 πολυτελςίς
1009 306 1151 347 τούτους
1182 307 1237 344 καὶ
1270 306 1421 356 ὑψηλοὺς
1453 307 1581 355 τάφους

239 366 377 419 ἔχοντ-ἐς
417 370 501 418 ὑπὲρ
544 372 611 420 γῆς
646 370 703 407 καὶ
730 371 856 419 στήλας
884 370 940 407 καὶ
968 369 1099 411 εἰκόνας
1126 371 1183 408 καὶ
1210 371 1455 421 ἐπιγράμματα,
1482 370 1580 407 οὐδὲν

210 428 212 430 ’
240 434 433 481 τιμιώτεροι
471 433 553 482 παρ’
597 433 711 473 αὐτοῖς
752 434 813 470 εἶσι
851 437 920 470 τῶν
966 435 1108 471 ἰδιωτῶν
1154 438 1298 485 νεκρῶν;
1346 435 1576 484 Respondet:

238 495 373 547 Ληρεῖς,
421 497 450 533 ὦ
497 495 604 537 οὗτος.
686 497 876 547 Exempli.
904 509 1017 536 causa
1063 498 1172 537 affert
1217 499 1465 546 Maussolum,
1514 498 1578 547 qui

237 563 395 597 τοσοῦτον
425 561 611 598 ἀπολαύων
639 564 700 598 τοῦ
729 562 918 611 μνήματος,
948 562 1030 611 παρ’
1061 562 1140 600 ὅσον
1169 563 1354 614 ἐβαρύνετο
1383 561 1577 611 τηλικοῦτον

237 624 348 675 ἄχθος
375 625 593 675 ἐπικείμενος.
671 625 839 664 Eandem
869 627 1094 665 sententiam
1123 627 1334 668 invenimus
1365 626 1508 676 Catapl.
1539 628 1575 680 9,

182 697 186 701 ’
238 689 386 739 Nigrin.
420 691 488 735 303
518 690 671 728 Anthol.
702 690 783 729 Pal.
813 690 848 728 X
877 692 912 730 8.

348 752 529 806 174,a-12]
558 754 763 792 Dindimus
792 755 998 804 pretiosum
1027 755 1208 793 amictum
1238 755 1408 804 castigat.
1451 754 1579 804 Neque

238 817 491 856 dubitandum
520 819 588 866 est,
618 818 709 866 quin
739 818 831 857 haec
858 830 916 856 res
947 819 984 856 in
1014 818 1254 868 philosophia
1289 819 1460 867 populari
1497 830 1575 856 sae·

237 881 394 931 pissime
413 883 595 920 occurrat.
637 882 865 932 (Wendland
883 895 922 932 p.
944 884 1002 931 15,
1032 881 1227 922 Geffcken¹
1247 894 1283 932 p.
1308 883 1412 931 101.)
1452 883 1573 920 Etiam

237 946 497 985 Teriullianus
534 947 573 984 in
620 947 728 994 libro,
770 947 835 996 qui
866 948 935 994 „de
969 946 1109 996 pallio“
1140 946 1371 995 inscribitur,
1402 946 1446 984 de
1475 948 1575 984 veste

237 1009 393 1058 iudicat,
425 1009 510 1057 „die
540 1012 616 1048 erst
657 1004 739 1048 eine
782 1009 1084 1058 Notwendigkeit
1124 1021 1303 1058 gewesen,
1349 1003 1446 1047 dann
1490 1022 1574 1047 zum

238 1073 436 1123 Schmuck,
476 1075 518 1125 ja
554 1086 618 1113 zur
646 1074 866 1124 Forderung
895 1074 960 1112 der
988 1074 1230 1123 Anmassung
1258 1074 1411 1124 gedient
1438 1073 1572 1121 habe“,

240 1138 318 1185 „im
348 1138 615 1176 Diatribenstil
644 1138 739 1175 nach
767 1138 991 1175 bekanntem
1020 1138 1199 1177 Muster.“
1259 1134 1451 1183 (Geffcken
1480 1139 1504 1175 l.
1528 1138 1572 1186 l.)

237 1225 286 1232 —
318 1201 373 1241 De
415 1200 604 1241 munditia
645 1200 759 1240 nimis
799 1200 987 1251 exquisita
1020 1199 1171 1252 διατριβή
1207 1212 1292 1239 cum
1322 1201 1390 1239 hac
1420 1213 1457 1239 re
1487 1213 1571 1239 con—

237 1266 424 1315 iungitur.
481 1266 709 1313 (Wendland
738 1278 774 1315 p.
806 1266 857 1303 40
888 1266 961 1304 not.
994 1266 1032 1314 2)
1065 1266 1231 1315 Prepert.
1264 1266 1356 1312 12,5
1386 1277 1465 1314 sq.:

240 1330 493 1380 „naturaeque
522 1330 632 1368 decus
661 1329 824 1368 mercato
853 1329 1006 1378 perdere
1035 1330 1153 1377 cultu,

236 1406 304 1432 nec
320 1394 441 1432 sinere
456 1394 496 1432 in
513 1393 674 1443 propriis
689 1394 857 1432 membra
874 1394 993 1431 nitere
1010 1393 1154 1432 bonis.“
1177 1394 1235 1442 (=
1257 1393 1340 1432 coll.
1359 1393 1420 1442 Ip.
1438 1395 1568 1441 174,⁸.)

343 1458 413 1497 Ad.
444 1470 480 1507 p.
516 1459 620 1505 174‚4
668 1457 864 1506 „Membra
901 1457 1034 1506 papyri
1068 1458 1247 1506 tegmine,
1284 1457 1343 1495 vel
1381 1458 1478 1505 quod
1517 1459 1572 1495 est

236 1523 373 1568 verius,
416 1523 558 1572 pudore
600 1522 813 1559 velantur“.
870 1521 1011 1559 Becker
1053 1533 1177 1572 progr.
1209 1534 1243 1571 p.
1278 1523 1326 1559 28
1370 1523 1495 1560 monet
1537 1523 1572 1559 et

235 1587 335 1625 hunc
378 1586 502 1625 locum
541 1586 695 1635 probare
736 1585 972 1623 collationem
1009 1585 1054 1623 ab
1091 1585 1176 1624 aliis
1206 1585 1391 1624 eiusmodi
1420 1587 1571 1635 scriptis
1629 1612 1631 1614 -

235 1650 401 1696 differre3
432 1650 487 1688 ibi
515 1649 616 1687 enim
645 1649 876 1698 Bragmanos
907 1649 1032 1686 vivere
1060 1649 1191 1696 nudos,
1222 1649 1283 1687 hie
1322 1651 1452 1699 papyri
1488 1651 1569 1698 teg·

233 1715 336 1753 mine
365 1713 493 1753 velari.
554 1713 690 1762 „Diese
730 1712 936 1751 Nachricht
964 1713 1015 1751 ist
1043 1713 1129 1751 sehr
1158 1714 1395 1761 interessent,
1443 1714 1490 1752 da
1518 1715 1572 1752 sie

235 1791 330 1829 ganz
360 1778 532 1829 singular
561 1777 711 1816 dasteht
739 1778 817 1815 und
847 1777 914 1815 auf
938 1777 1020 1815 eine
1049 1779 1138 1826 gute
1168 1776 1301 1824 Quelle
1326 1778 1568 1827 zuruckgeht.

235 1843 342 1881 Denn
372 1843 433 1880 die
461 1842 699 1880 Brahmanen
729 1841 917 1879 kleideten
948 1841 1027 1878 sich
1056 1842 1092 1878 in
1125 1842 1189 1879 der
1217 1842 1299 1889 Tat,
1338 1842 1503 1880 namlich
1532 1843 1569 1879 in

235 1906 359 1945 Haute
387 1918 457 1944 von
490 1902 666 1944 Gazellen‘
694 1904 831 1952 (Strab.
862 1905 942 1952 XV,
977 1907 1073 1952 Iao),
1104 1905 1192 1943 oder
1222 1905 1257 1942 in
1289 1906 1446 1950 valkala,
1477 1906 1511 1945 d.
1533 1906 1570 1953 h.

233 1971 273 2008 in
307 1969 429 2008 Rinde
464 1980 534 2006 von
571 1969 739 2006 Baumen
774 1968 926 2013 (Lassen
958 1968 1014 2005 ΙΙ2
1044 1970 1174 2016 711).“
1237 1968 1377 2006 Notum
1413 1981 1492 2007 esse
1529 1980 1571 2007 ex

235 2034 376 2073 cortice
400 2033 574 2072 arborum
605 2033 642 2070 et
670 2044 711 2070 ex
739 2031 835 2070 libro
871 2031 1003 2081 papyri
1033 2043 1105 2070 non
1136 2032 1245 2070 modo
1283 2032 1463 2077 chartam,
1507 2034 1568 2071 sed

234 2099 347 2136 etiam
390 2097 551 2135 linteum
590 2096 777 2133 fabricari.
834 2096 964 2144 Itaque
1006 2108 1191 2145 papyrum
1221 2096 1435 2145 significare
1467 2098 1569 2144 „val-

233 2161 356 2199 kala“.
414 2159 485 2197 Sed
515 2158 719 2196 dicendum
748 2159 805 2196 est
823 2159 921 2206 apud
943 2158 1243 2196 PS.-Palladium
1266 2159 1316 2208 (p.
1343 2161 1397 2205 8‚²
1423 2160 1570 2206 Pfister)

235 2225 330 2273 legi:
386 2223 573 2274 „Corpora
611 2223 737 2259 nostra
777 2222 948 2270 cooperta
985 2222 1166 2260 habemus
1205 2223 1250 2260 de
1288 2222 1483 2261 frondibus
1513 2235 1569 2261 ar-

233 2288 403 2324 borum.“
468 2286 576 2323 Unde
613 2286 767 2334 apparet
796 2296 842 2322 ne
874 2284 1087 2323 Palladium
1118 2285 1269 2333 quidem
1299 2286 1422 2324 dicere
1451 2286 1570 2337 Brag-

234 2363 363 2391 manos
392 2350 515 2391 vivere
544 2349 676 2389 nudos.

343 2417 521 2462 174,12-20
555 2414 913 2464 „Adfeoncubitum
942 2425 1013 2450 non
1044 2414 1220 2451 admonet
1249 2425 1314 2451 nos
1343 2414 1475 2460 libido,
1506 2416 1570 2452 sed

233 2477 378 2517 subolis
408 2489 511 2516 amor
542 2507 550 2516 .
583 2508 590 2515 .
622 2508 631 2517 .
661 2476 854 2516 Abortivis
875 2475 1022 2514 actibus
1044 2476 1240 2527 procedere
1261 2476 1358 2515 foeta
1379 2477 1571 2515 nascentia

233 2555 305 2580 non
336 2543 505 2579 vetamus
535 2553 602 2579 nec
631 2541 731 2580 intra
759 2541 889 2579 vivum
918 2551 1051 2589 corpus
1088 2540 1245 2578 mortem
1273 2540 1486 2579 invehimus
1516 2542 1569 2579 al-

232 2605 407 2654 teriusf]
480 2605 692 2642 Wendland
737 2617 772 2653 p.
803 2605 853 2642 34
884 2616 977 2653 sqq,
1027 2604 1090 2651 qui
1135 2606 1324 2651 comparat
1361 2604 1568 2652 Philonem,
