1737 2989
667 133 901 170 -9-

117 262 282 312 διαφερει·
323 262 361 297 τὸ
389 261 449 310 μὲν
476 260 542 309 γὰρ
570 259 742 309 πολέμιον,
771 260 809 296 τὸ
836 259 876 296 δὲ
904 258 1002 309 φίλον
1030 257 1144 306 αὐτῆς.
1174 258 1217 294 τὰ
1243 258 1282 295 δὲ
1311 259 1455 308 σώματα

118 325 257 363 ἀσκοῦσι
284 325 367 374 πρὸς
393 323 504 369 πόνον,
531 322 572 361 ἵν’
602 324 635 361 αἱ
664 326 796 373 γνῶμαι
824 321 1032 374 ῥωννύοιντο,
1075 322 1136 372 ἀφ’
1166 322 1214 359 ὧν
1242 323 1296 360 καὶ
1323 323 1456 363 στάσεις

116 388 254 426 παύοιεν
296 389 352 425 καὶ
392 387 576 438 σύμβουλοι
616 390 714 424 πᾶσιν
753 387 895 436 ἀγαθῶν
922 388 1057 435 παριίεν
1085 386 1141 422 καὶ
1168 389 1262 435 κοινῇ
1292 387 1347 424 καὶ
1375 386 1454 436 ἰδίᾳ,

116 452 260 492 Deinde
280 451 478 491 Mandanis
502 451 721 502 interrogat,
755 463 847 490 num
867 449 999 490 Graeci
1027 450 1119 488 talia
1146 450 1312 489 doceant.
1356 450 1455 490 One-

120 517 271 554 sicritus
307 516 505 564 respondet
532 515 784 563 Pythagoreos
813 515 904 552 haec
931 515 1061 551 docere
1090 514 1256 551 vetantes
1285 514 1455 552 homines

120 590 250 629 pecore
279 578 377 617 vesci
406 579 444 616 et
462 577 647 617 Socratem
677 579 714 616 et
733 570 956 627 Diogenem,
987 588 1098 626 quem
1126 577 1208 627 ipse
1229 578 1444 627 cognoverit

120 643 319 681 Mandanis
348 643 396 681 ad
423 642 513 680 haec
542 641 644 690 dicit,
689 641 738 678 ὅτι
765 640 874 678 τᾶλλα
902 641 963 689 μὲν
990 641 1119 690 νομίζοι
1147 642 1321 691 φρονίμως,
1343 641 1456 681 αὐτοῖς

116 707 238 750 δοκεῖν,
267 706 303 742 ἓν
330 706 578 755 δ’ἁμαρτάνειν,
617 704 777 754 νόμον
815 704 910 753 πρὸ
948 707 1036 753 τῆς
1073 704 1282 755 φύσεως
1320 706 1455 742 τιθε-

117 785 141 819 μ
158 769 277 807 ένου
294 783 320 810 ς.
379 770 582 818 Aegrotum
611 780 689 807 esse
718 771 827 818 turpe
854 768 1007 818 putari3
1050 768 1083 807 si
1112 768 1196 819 quis
1224 769 1369 816 timeat,
1410 781 1456 807 ne

122 834 250 872 morbo
280 831 479 881 afficiatur,
508 845 545 870 se
574 833 697 881 ipsum
729 842 973 871 concremare.

229 898 330 936 Haec
349 897 394 936 de
415 896 635 935 Onesicrito.
680 894 840 934 Calanus
860 897 998 944 autem,
1028 908 1140 946 quem
1160 908 1272 947 supra
1292 908 1453 936 comme-

124 962 365 1008 moravimus,
395 961 492 1009 quod
522 972 561 997 se
589 961 669 1008 ipse
697 961 1007 1007 concremaverat,
1038 971 1059 996 a
1086 960 1218 998 multis
1245 961 1455 999 auctoribu

121 1025 295 1063 laudatus
344 1025 411 1061 est.
467 1023 595 1073 Neque
641 1024 868 1072 praeteream
920 1022 1118 1061 Philonem
1161 1023 1456 1063 Alexandrinum

122 1087 248 1137 (Quod
278 1099 375 1125 omn.
405 1087 509 1136 prob.
538 1087 605 1125 lib.
635 1087 726 1137 §93
756 1087 857 1136 sqq.)
903 1086 1084 1124 Calanum
1114 1088 1303 1136 appellare
1332 1099 1455 1126 exem-

124 1152 228 1200 plum
257 1150 464 1200 ἐλευθερίας,
493 1161 567 1199 qua
594 1151 655 1187 vir
682 1150 828 1199 sapiens
858 1149 1023 1188 excellat.

225 1215 328 1262 Quae
344 1214 476 1252 Graeci
492 1214 537 1251 de
546 1213 656 1251 India
671 1213 850 1261 sciebant,
866 1225 982 1262 paene
997 1215 1122 1252 omnia
1136 1214 1264 1264 Mega
1275 1211 1458 1253 sthenes

119 1278 284 1327 collegit.
343 1277 674 1327 (Christ-Schmid,
705 1276 852 1314 Griech.
882 1276 1273 1326 Literaturgesch.11⁵
1294 1291 1329 1327 p.
1351 1280 1458 1324 175.)

121 1342 194 1388 Qui
229 1342 328 1379 circa
355 1352 495 1379 annum
525 1351 557 1378 a.
588 1339 673 1380 Chr.
704 1351 739 1378 n.
771 1339 848 1379 300
878 1340 1024 1389 legatus
1054 1352 1075 1379 a
1104 1340 1257 1380 Seleuco
1285 1341 1459 1380 Nicatore

121 1407 167 1444 ad
197 1405 483 1444 Sandrocottum
525 1404 663 1443 missus
705 1405 744 1443 in
772 1404 881 1443 India
918 1406 1083 1444 moratus
1113 1405 1297 1457 scripturn
1326 1406 1458 1449 edidit.

123 1471 221 1520 quod
241 1468 294 1507 Τὰ
316 1468 442 1507 Ἰνδικά
461 1469 748 1509 inscribebatur.
779 1468 882 1516 Quae
905 1470 972 1507 ille
987 1473 1262 1519 commemorat,
1282 1482 1460 1520 magnam

123 1536 267 1583 partem
282 1545 369 1571 vera
384 1545 463 1571 esse
480 1533 717 1571 Christianus
724 1533 862 1570 Lassen
876 1533 1155 1571 demonstravit.
1187 1533 1255 1580 (ΙΙ1
1271 1534 1347 1571 699
1360 1536 1460 1584 sqq.)

119 1598 260 1645 Quodsi
304 1597 473 1646 quaeris,
515 1608 674 1645 quorum
709 1596 1015 1645 philosophorum
1043 1598 1167 1646 partes
1196 1598 1460 1647 Megasthenes

121 1662 270 1699 secutus
313 1661 377 1707 sit,
422 1660 622 1698 dicendum
665 1661 722 1697 est
763 1671 846 1697 eum
891 1671 1006 1698 unum
1047 1661 1164 1698 exiis
1193 1661 1323 1707 fnisse,
1366 1672 1458 1710 quos

122 1724 541 1773 „pythagoreisierende
553 1723 850 1773 Peripatetiker“
865 1724 1115 1762 nominamus.
1142 1724 1462 1771 (Christ-Schmid

122 1789 145 1825 l.
176 1789 216 1835 l.)
272 1789 321 1825 At
362 1788 447 1826 illas
490 1789 637 1825 tantum
681 1787 885 1825 sententias
928 1787 1093 1835 afferam,
1138 1799 1233 1838 quae
1261 1789 1308 1826 ad
1338 1789 1452 1827 colla-

125 1853 264 1889 tionem
296 1851 498 1888 Alexandri
527 1863 613 1888 cum
643 1849 823 1888 Dindimo
851 1852 1051 1900 pertinent.

231 1916 422 1953 Docebant
450 1916 653 1964 Bragmani
696 1915 861 1953 animam
903 1926 983 1953 esse
1019 1916 1268 1954 immortalem
1300 1918 1337 1953 et
1365 1918 1464 1965 apud

125 1979 262 2016 inferos
289 1978 425 2027 puniri.
462 1978 625 2016 Naturae
645 1978 842 2015 scientiam
862 1990 927 2027 pro
948 1979 1067 2016 nihilo
1091 1980 1276 2017 ducebant
1296 1980 1462 2018 dicentes

128 2042 262 2079 melius
305 2053 384 2080 esse
426 2042 635 2079 actionibus
680 2053 793 2091 quam
831 2042 954 2080 verbis
984 2043 1179 2081 strenuum
1208 2054 1247 2081 se
1275 2044 1462 2092 praebere.

129 2105 286 2143 Mortem
326 2106 511 2154 putabant
538 2116 618 2144 esse
645 2106 799 2143 initium
830 2117 937 2144 verae
965 2107 1169 2156 beataeque
1197 2107 1295 2144 vitae
1322 2107 1370 2145 iis
1401 2108 1466 2157 qui

70 2225 72 2227 -
126 2168 331 2217 sapientiae
351 2169 553 2219 participes
574 2170 707 2212 essent,
741 2170 801 2218 (fr.
819 2171 869 2209 40
889 2183 925 2220 p.
940 2170 1052 2219 436a,
1075 2170 1215 2210 Lassen
1235 2170 1290 2209 11¹
1305 2182 1341 2220 p.
1359 2172 1465 2228 700.)

132 2232 261 2281 ltaque
290 2245 400 2283 parce
429 2245 472 2271 ac
501 2235 646 2272 duriter
675 2234 832 2271 vivendo
860 2234 906 2271 ad
936 2235 1093 2272 mortem
1124 2246 1162 2272 se
1181 2236 1466 2284 praeparabant.

236 2296 423 2346 Populum
452 2298 631 2336 Indorum
660 2297 921 2347 Megasthenes
959 2297 1063 2335 novit
1090 2298 1129 2335 in
1159 2298 1297 2337 classes
1326 2299 1466 2337 consti-

127 2360 228 2397 tutas
271 2361 516 2399 distributum
559 2372 650 2399 esse.
707 2362 739 2398 li
770 2361 974 2411 Bragmani
1017 2362 1084 2411 qui
1122 2363 1177 2399 rei
1218 2363 1391 2412 publicae
1430 2374 1468 2400 se

131 2422 282 2471 dabant,
305 2425 498 2474 septimae,
520 2425 584 2474 qui
605 2425 874 2476 philosophiae,
897 2426 1041 2476 primae
1063 2426 1174 2465 classi
1194 2426 1467 2466 attribuuntur.

132 2487 310 2532 (Wecker
338 2488 418 2525 PW
446 2489 500 2526 IX
520 2491 647 2536 1306.)
693 2490 966 2527 Discernuntur
996 2491 1200 2539 Bragmani
1229 2493 1266 2528 et
1295 2490 1467 2528 Sarmani

128 2548 206 2586 sive
235 2549 371 2600 ὑλόβιοι.
428 2551 491 2589 llli
512 2553 675 2601 simplici
698 2554 774 2591 vita
796 2554 1010 2602 utebantur,
1041 2555 1214 2593 carnibus
1238 2566 1276 2593 se
1303 2554 1468 2594 abstine—
