1737 2989
749 180 1010 241 -29-

323 307 619 355 172‚1⁷—173,⁸.
682 306 890 358 „Vescendi
919 318 1031 345 causa
1060 308 1201 346 secreta
1232 307 1385 344 litorum
1404 306 1546 344 retibus

209 382 281 408 non
326 370 509 409 rimamur
539 401 546 408 .
580 401 587 408 .
619 401 625 407 .
658 370 810 409 Turrita
853 370 1018 409 culmina
1055 382 1127 409 non
1158 371 1324 409 levamus
1355 401 1362 407 .
1396 401 1402 407 .
1435 401 1441 408 .
1473 369 1549 408 Cur

213 435 337 472 autem
368 444 435 471 nos
465 434 614 472 lavacra
641 445 849 483 poscamus,
885 445 1044 484 quorum
1073 446 1205 484 corpus
1235 433 1441 473 immundis
1463 444 1547 471 con-

209 498 375 536 tactibus
433 509 504 535 non
554 498 760 536 sordescit?
838 497 921 536 Sole
973 499 1205 546 calescimus,
1262 510 1342 536 rore
1397 498 1547 535 humec—

210 564 336 599 tamur
367 590 375 598 .
408 563 440 599 .“
475 560 500 610 .]
558 561 636 598 Hae
666 572 813 609 quoque
835 562 1040 599 sententiae
1066 562 1106 598 in
1135 562 1309 599 diatribis
1331 560 1547 609 saepissime

210 625 449 662 adhibentur.
509 623 739 672 (Wendland
768 636 803 673 p.
839 626 899 670 15,
934 626 1001 672 183
1032 622 1227 663 Geffcken¹
1257 636 1291 673 p.
1323 626 1371 662 78
1402 636 1471 673 sq.,
1501 625 1547 669 ὃς

212 688 348 726 Weber
377 701 412 738 p.
447 688 519 726 105
550 700 623 737 sq.;
654 688 778 736 Helm,
810 688 954 727 Lukian
985 690 1062 727 und
1092 689 1258 738 Menipp.
1288 688 1443 738 Leipzig
1471 689 1548 726 und

213 752 339 789 Berlin
373 752 473 789 1906
504 763 539 799 p.
575 751 681 799 169.)
752 751 882 800 Cynici
925 752 1025 790 enim
1060 753 1304 790 contemnunt
1333 763 1460 789 omnes
1490 754 1548 787 τοῦ

212 816 372 864 σώματος
422 814 521 851 ἕνεκα
567 813 701 863 πόνους,
749 817 790 853 ut
821 815 984 863 balneas,
1031 816 1144 863 nives,
1174 816 1291 864 ignes.
1363 815 1549 864 Diogenes

212 879 349 916 dixisse
379 878 518 916 dicitur
537 879 676 916 famem
697 878 877 928 sitimque
901 880 1085 928 optimum
1106 891 1216 917 cenae
1238 879 1436 916 obsonium
1457 890 1545 917 esse.

135 981 140 987 ,
211 942 378 991 (Capelle
407 954 443 991 p.
474 942 553 991 36.)
609 941 750 980 Vinum
793 954 878 981 eum
922 953 993 980 non
1039 942 1191 990 bibisse,
1236 942 1299 980 sed
1344 953 1478 991 aquam
1508 954 1549 979 ex

213 1006 313 1043 fonte
356 1006 539 1043 hausisse.
613 1005 748 1043 Contra
790 1006 942 1043 balneas
985 1006 1176 1044 invehitur
1212 1005 1307 1043 ‘Sen.
1340 1018 1396 1055 ep.
1442 1008 1546 1053 51‚‹÷:

216 1070 332 1118 „quid
361 1069 459 1106 mihi
488 1081 572 1107 cum
603 1069 687 1107 istis
724 1069 935 1107 calentibus
965 1069 1141 1118 stagnis?
1185 1069 1275 1118 quid
1320 1080 1405 1106 cum
1434 1069 1546 1106 suda-

213 1133 333 1180 toriis,
377 1134 415 1170 in
446 1144 542 1182 quae
571 1133 690 1171 siccus
720 1145 833 1182 vapor
861 1144 1012 1181 corpora
1042 1132 1270 1171 exhausurus
1315 1132 1547 1171 includitur?

214 1196 335 1234 omnis
365 1197 478 1234 sudor
506 1208 571 1245 per
598 1197 764 1234 laborem
794 1197 931 1234 exeat.“
964 1196 1023 1243 (cf.
1048 1196 1265 1233 Philostrat.
1289 1196 1354 1247 vit.
1376 1196 1547 1244 Apollon.

215 1260 266 1297 IV
294 1261 372 1307 42).
405 1282 452 1287 —
488 1260 609 1307 173,÷:
645 1271 841 1308 „somnum
872 1259 1086 1297 sollicitudo
1116 1270 1187 1296 non
1217 1259 1395 1307 rumpit.“
1438 1259 1549 1308 Cyni-

215 1336 279 1361 cus
309 1322 434 1373 quiete
464 1323 625 1361 dormire
653 1324 776 1372 potest
806 1335 872 1361 nec
902 1323 1047 1372 vigilat,
1089 1325 1131 1361 ut
1167 1322 1318 1361 divitias
1349 1323 1422 1361 sibi
1451 1335 1548 1361 com-

215 1389 332 1436 paret.
393 1388 485 1434 Quis
507 1399 579 1425 non
603 1387 820 1424 meminerit
839 1386 996 1424 Luciani
1018 1386 1198 1424 Gallum?
1238 1386 1413 1424 Conferas
1437 1388 1548 1424 etiam

179 1450 180 1453 ’
215 1450 304 1488 Hor.
336 1462 447 1488 carm.
478 1450 535 1488 III
569 1451 672 1497 131:
995 1449 1001 1453 ”

789 1513 947 1551 Somnus
977 1513 1182 1562 agrestium

471 1577 584 1614 Lenis
614 1577 781 1615 virorum
811 1589 880 1614 non
910 1577 1075 1615 humiles
1105 1576 1231 1615 domos

525 1641 687 1678 Fastidit
715 1641 1006 1690 umbrosamque
1035 1641 1169 1690 ripam,

576 1704 658 1742 Non
689 1704 862 1754 zephyris
892 1705 1035 1754 agitata
1065 1696 1215 1754 Tempe.

322 1770 533 1807 Ducebatur
563 1769 716 1806 divitias
745 1780 811 1817 per
840 1780 877 1806 se
907 1781 1052 1816 nocere3
1082 1780 1168 1807 nam
1190 1769 1248 1806 his
1270 1769 1407 1807 virium
1431 1768 1549 1806 facul-

215 1833 311 1870 tates
354 1832 476 1870 minui
547 1832 684 1880 (Kroll‚
727 1832 878 1870 Wiener
923 1832 1077 1871 Studien
1122 1834 1169 1871 37
1202 1845 1235 1881 p.
1268 1832 1373 1879 234.)
1446 1831 1551 1880 „Quo

217 1896 303 1944 plus
335 1889 447 1933 homd
473 1895 598 1943 habet,
629 1907 669 1933 eo
699 1896 784 1944 plus
814 1896 951 1933 habere
979 1896 1084 1933 vult“
1115 1896 1294 1945 (172,2³);
1324 1896 1393 1934 hoc
1412 1897 1552 1945 optime

217 1958 436 1997 illustratur
464 1970 485 1996 a
519 1959 646 1996 Telete
696 1957 765 2008 (²p.
798 1959 877 2007 43,1
906 1959 990 2006 H.):
1034 1958 1166 2009 οἰκέτης
1206 1959 1303 1996 ἐστίν.
1374 1959 1553 2008 ἐλεύθερος

216 2022 355 2060 σπεύδει
396 2021 577 2071 γενέσθαι.
596 2053 603 2059 .
622 2022 778 2070 ,γέγονεν
822 2022 1016 2071 ἐλεύθερος.
1086 2024 1208 2060 δοῦλον
1248 2023 1350 2063 εὐθὺς
1396 2023 1557 2072 ἐπιθυμεῖ

215 2086 420 2135 κτήσασθαι.
482 2085 605 2134 γέγονε
640 2085 729 2121 τοῦτ’
758 2085 865 2134 αὐτῷ.
923 2085 1037 2134 ἕτερον
1065 2086 1150 2134 πρὸς
1178 2085 1315 2123 σπεύδει
1346 2087 1550 2136 κτήσασθαι.

326 2149 498 2197 173,8-ι4.
546 2149 613 2196 ,,Ι11
657 2148 826 2187 homines
865 2150 981 2186 nostri
1012 2148 1152 2187 similes
1181 2150 1342 2199 superba
1370 2161 1441 2187 non
1473 2150 1552 2199 agi-

216 2216 339 2250 tamus
382 2213 542 2262 imperia
571 2241 580 2252 .
613 2242 620 2249 .
653 2244 659 2249 .
692 2212 873 2261 Alioquin
905 2212 1060 2249 saevitia
1088 2214 1144 2265 est
1172 2213 1211 2250 in
1241 2213 1462 2262 obsequium
1492 2225 1552 2250 co-

217 2289 317 2326 gere,
359 2288 450 2325 quos
495 2276 604 2315 nobis
634 2276 768 2314 fratres
798 2276 926 2314 eadem
957 2276 1089 2314 natura
1118 2277 1317 2326 progenuit
1346 2277 1383 2314 et
1412 2276 1552 2326 quibus

222 2342 267 2378 ab
298 2352 371 2378 uno
402 2341 469 2378 deo
489 2341 595 2389 patre
616 2340 872 2378 communium
894 2340 1073 2377 bonorum
1091 2340 1293 2389 spondetur
1309 2339 1551 2389 hereditas.“]

220 2404 313 2452 „Wo
350 2405 458 2454 jeder
499 2403 726 2443 Mehrbesitz
770 2403 825 2442 als
870 2403 929 2441 ein
964 2402 1084 2441 Uebel
1112 2403 1173 2441 fur
1201 2403 1271 2441 den
1303 2403 1550 2442 Besitzenden

218 2467 334 2504 selbst
376 2467 542 2504 erachtet
585 2468 687 2514 wird,
732 2467 815 2504 dort
857 2466 1009 2504 entfallt
1046 2467 1153 2515 jeder
1182 2467 1316 2505 Anlass
1345 2467 1420 2504 und
1447 2467 1554 2515 jeder

220 2530 375 2568 Antrieb
406 2542 471 2569 zur
501 2531 765 2581 Ausbeutung‚
796 2542 862 2569 zur
891 2529 1131 2578 Knechtung‚
1170 2541 1235 2568 zur
1263 2529 1550 2579 Bedrnckung.“

222 2594 433 2642 (Gomperz‚
465 2594 612 2631 Griech.
645 2595 793 2631 Denker
822 2595 878 2631 112
907 2606 942 2642 p.
978 2595 1067 2639 133;
1097 2594 1276 2642 Bernays,
1306 2593 1444 2631 Lucian
1475 2595 1553 2631 und
