1737 2989
702 151 962 189 *35-

173 279 314 326 (171,τ)
357 277 463 316 Nihil
507 276 645 316 dicitur
687 278 732 316 de
761 277 1045 316 immortalitate
1074 276 1191 314 animi
1221 276 1258 313 et
1286 275 1331 314 de
1359 275 1498 314 iudicio

169 343 241 380 dei.
298 342 539 394 Providentia
583 353 654 379 non
684 342 849 389 affertur,
880 343 943 379 sed
974 341 1106 378 fatum.
1163 341 1320 386 (174‚24)
1349 340 1431 385 Qua
1459 340 1498 377 in

169 418 209 444 re
237 405 442 454 Bragmani
471 406 708 453 occupentur,
740 417 811 443 non
842 405 1084 453 disputatur.v
1108 405 1120 449 (
1130 403 1267 450 172,11;
1302 404 1422 450 173,8)
1443 402 1498 440 De

172 471 272 508 veste
301 471 337 508 et
366 469 556 508 domicilio
585 481 677 518 quae
705 470 846 507 Becker
875 468 1045 517 explicat,
1076 480 1109 505 v.
1131 479 1166 515 p.
1190 469 1235 504 ⁶21
1260 468 1297 504 et
1316 467 1379 505 22.
1427 466 1498 504 Hic

168 534 435 583 interpretatur
467 534 517 583 (p.
548 533 637 582 33):
682 533 771 580 „Ich
813 533 878 570 bin
909 532 974 569 der
1004 530 1175 577 Ansicht,
1219 531 1304 568 dass
1349 542 1387 568 es
1417 531 1498 567 eine

167 598 398 649 griechische
428 598 569 637 Schrift
598 599 765 647 gegeben
794 597 859 635 hat
891 596 1038 645 (ausser
1058 595 1129 633 den
1150 594 1342 644 Kapiteln,
1362 594 1499 632 welche

167 665 232 701 der
284 664 500 712 Erzahlung
547 663 610 700 des
668 662 863 700 Palladius
921 660 1138 709 angebangt
1193 660 1306 707 sind),
1363 659 1499 698 welche

91 769 95 773 ,
166 728 392 766 Alexanders
421 727 588 765 Verkehr
615 726 685 763 mit
715 726 799 763 dem
829 723 1207 773 Brahmanenkonige
1236 724 1275 761 in
1304 723 1369 761 der
1388 724 1498 762 Form

166 791 267 829 eines
297 790 576 829 Briefwechsels
605 790 840 836 behandelte,
872 788 949 825 und
980 788 1065 826 dass
1095 788 1198 825 diese
1227 787 1353 825 bisher
1382 788 1498 826 unbe-

164 856 302 893 kannte
345 854 485 893 Schrift
527 854 582 892 als
626 853 758 899 Quelle
796 852 861 889 der
889 851 1040 889 collatio
1070 851 1279 889 anzusehen
1309 851 1372 889 ist.
1429 852 1498 889 Die

163 918 384 957 lateinische
428 917 683 965 Bearbeitung
726 916 853 953 wurde
882 926 952 953 von
983 915 1066 952 dem
1096 916 1218 952 ersten
1249 915 1498 965 Interpolator

165 985 229 1021 der
271 984 427 1020 historia
462 983 506 1019 de
536 981 664 1029 preliis
694 980 1005 1028 ausgeschrieben
1036 981 1111 1017 und
1144 992 1209 1017 zur
1239 980 1496 1029 Erweiterung

165 1047 227 1083 des
256 1044 569 1093 ursprfinglichen
598 1045 729 1081 Textes
759 1044 822 1081 des
853 1043 1180 1092 Archipresbyters
1208 1044 1376 1082 benutzt.
1433 1044 1495 1090 (cf.

165 1122 201 1158 p.
223 1111 267 1146 12
285 1110 357 1157 sq.)
387 1109 428 1146 In
455 1108 539 1145 dem
563 1107 766 1154 Werkchen
792 1107 856 1145 des
877 1107 1071 1144 Palladius
1093 1107 1172 1156 (der
1193 1119 1334 1156 ganzen
1355 1108 1494 1157 griech.

164 1172 334 1219 Schrift),
379 1172 535 1208 welches
564 1171 784 1207 Ambrosius
814 1172 1003 1208 iibersetzt
1040 1171 1160 1207 haben
1191 1171 1273 1216 soll,
1319 1171 1397 1209 und
1431 1171 1497 1208 der

163 1235 409 1273 lateinischen
453 1234 602 1272 collatio
645 1234 764 1272 haben
813 1234 877 1271 wir
919 1233 1057 1271 mithin
1106 1235 1193 1272 zwei
1241 1234 1496 1285 selbstandige

163 1299 349 1336 Schriften
380 1298 548 1335 erhalten
578 1309 644 1335 aus
674 1298 738 1335 der
767 1309 920 1346 grossen
951 1298 1042 1334 Zuhl
1073 1298 1190 1345 derer,
1221 1299 1338 1336 durch
1359 1299 1496 1336 welche

168 1363 227 1401 die
257 1362 556 1411 Alexandersage
586 1362 720 1399 immet·
749 1362 892 1400 reicher
921 1361 1234 1411 ausgeschmiickt
1278 1362 1413 1410 wurde,
1458 1375 1496 1401 so

163 1427 248 1463 dass
278 1438 315 1463 es
344 1437 414 1463 uns
439 1427 534 1475 jetzt-
563 1425 666 1462 nicht
695 1425 801 1462 mehr
830 1425 994 1474 moglich
1023 1426 1084 1473 ist,
1114 1426 1259 1463 fiberall
1290 1425 1350 1463 die
1372 1427 1495 1463 ersten

162 1491 240 1528 und
270 1490 581 1539 urspriinglichen
614 1490 870 1527 Bestandteile
898 1501 942 1527 zu
971 1490 1167 1528 sondern.“

269 1553 514 1591 Collationem
558 1564 576 1590 e
606 1552 745 1590 Graeco
788 1553 825 1590 in
870 1553 1048 1590 Latinum
1075 1564 1219 1591 versam
1249 1564 1328 1591 esse
1355 1553 1496 1591 Becker

165 1618 264 1657 ZfoG
307 1617 590 1668 demonstravit,
638 1617 675 1655 id
725 1618 821 1667 quod
864 1617 939 1655 iam
987 1629 1099 1667 supra
1145 1620 1194 1667 (p.
1229 1618 1291 1665 12)
1335 1629 1494 1656 comme-

164 1684 401 1720 moravimus.
459 1683 598 1718 Auctor
626 1682 750 1718 autem
780 1682 992 1718 collationis
1021 1682 1146 1718 rhetor
1181 1682 1296 1719 fuisse
1334 1682 1493 1720 videtur.

163 1745 309 1784 Scimus
338 1746 437 1783 enim
466 1745 630 1782 rhetores
659 1744 940 1782 exercitationes
970 1744 1007 1781 in
1029 1744 1229 1794 utramque
1249 1745 1393 1794 partem
1415 1745 1492 1784 dis-

165 1810 312 1847 serendi
341 1809 517 1847 habuisse
547 1809 582 1845 et
611 1808 880 1846 controversias
910 1808 1073 1845 virorum
1103 1808 1311 1846 illustrium
1331 1809 1493 1848 finxisse.

161 1873 242 1911 Iam
284 1873 322 1910 in
366 1884 518 1910 numero
557 1872 1017 1920 praeexercitamentorum
1059 1871 1199 1909 habent
1241 1872 1430 1921 ἀνασκευήν
1459 1874 1496 1910 et

162 1937 385 1986 κατασκευήν,
429 1936 563 1986 quibus
608 1935 762 1973 eandem
813 1935 1036 1974 sententiam
1065 1935 1232 1973 refutant
1259 1937 1297 1974 et
1324 1936 1495 1985 probant.

161 2000 221 2047 (G.
251 1994 414 2047 Reichel,
445 1998 687 2045 Quaestiones
717 1999 1114 2048 progymnasmaticae.
1145 2000 1233 2038 diss.
1264 2000 1366 2048 Lips.
1396 2001 1494 2037 1909

166 2077 200 2113 p.
231 2065 293 2112 32,
324 2064 386 2112 34,
418 2065 479 2111 97,
513 2064 597 2111 102,
632 2063 734 2110 104.)
791 2063 839 2101 Et
868 2063 1073 2101 verisimile
1102 2064 1158 2101 est
1187 2063 1351 2102 rhetores
1381 2063 1494 2102 etiam

164 2129 207 2166 de
238 2128 446 2166 Alexandro
475 2129 512 2165 et
540 2127 719 2164 Dindimo
749 2127 881 2175 egisse.

267 2191 465 2229 Rhetorem
494 2192 619 2228 autem
649 2201 778 2227 censeo
808 2190 924 2227 fuisse
949 2189 1218 2228 Christianum.
1276 2191 1493 2228 Invenimus

161 2255 262 2292 enim
305 2252 496 2301 nonnulla,
546 2265 638 2303 quae
684 2252 793 2290 homo
832 2253 995 2291 Graecus
1032 2253 1226 2302 scripsisse
1256 2265 1326 2291 non
1356 2256 1492 2302 potest,

161 2330 196 2366 p.
228 2318 333 2364 175,a
363 2329 417 2366 sq.
448 2318 484 2355 et
519 2317 706 2365 imprimis
742 2329 777 2365 p.
818 2317 1025 2355 179—184
1054 2328 1151 2365 pass.
1228 2317 1494 2365 Epicureorum

161 2382 197 2418 et
213 2380 467 2429 Scepticorum
487 2381 691 2418 sententias
704 2372 919 2417 invenimus
938 2382 987 2428 (p.
1002 2381 1123 2428 180‚13
1144 2392 1239 2429 sqq„
1264 2381 1385 2427 181‚25
1396 2383 1493 2429 sqq.)

160 2455 245 2482 cum
285 2444 493 2482 Stoicorum
536 2444 594 2481 vel
637 2444 760 2492 potius
789 2443 960 2481 Philonis
991 2444 1124 2481 mixtas
1154 2444 1207 2492 (p.
1242 2444 1365 2490 178,24
1394 2446 1493 2493 sqq.)

161 2519 201 2545 eo
230 2508 399 2554 consilio,
428 2509 471 2544 ut
500 2507 727 2545 Graecorum
757 2507 816 2544 dei
836 2507 1082 2556 castigentur.
1138 2507 1373 2544 Vocabulum
1394 2507 1494 2546 κτίσις

166 2571 330 2608 occurrit
357 2570 502 2619 (.183,2)
533 2571 570 2607 in
601 2569 714 2607 sacris
744 2569 853 2607 libris
884 2569 1109 2607 adhibitum.

1243 2643 1280 2673 30
