1737 2989
734 207 996 243 -44-

190 330 231 366 T.
263 329 394 367 vestiri
428 329 455 367 C
480 331 486 379 Ι
512 332 534 367 8
571 332 785 369 construere
829 330 891 368 CN
918 330 923 381 Ι
949 333 971 369 9
1003 332 1091 370 ferri
1134 331 1347 383 metallum]
1391 332 1528 370 ferrum

192 393 219 430 C
244 394 249 442 Ι
280 396 320 430 11
356 394 649 443 negotiationem
669 408 693 432 α
718 396 725 443 Ι
754 395 799 433 13
821 395 985 443 depastis
1007 395 1052 433 N.
1074 408 1176 434 more
1197 408 1370 445 pecorum
1391 396 1422 433 N
1437 396 1454 443 »Ι
1484 398 1527 433 15

189 456 352 509 terreno]
396 458 516 496 terrae
560 458 695 507 Τ116
742 458 902 508 nostras]
948 458 1034 496 illas
1079 459 1125 497 N.
1155 459 1334 511 migrare]
1370 458 1529 497 transire

195 521 222 559 C
248 513 327 571 ΙἸῙ
358 522 536 571 penuriae
565 525 709 560 vestrae
738 524 771 560 N
798 524 803 573 Ι
835 524 878 561 18
909 522 965 572 in]
996 536 1065 561 om.
1096 523 1129 560 N
1156 524 1161 570 Ι
1192 526 1235 561 19
1267 522 1385 574 sedes]
1410 524 1528 561 terras

194 584 233 624 O.
264 585 450 633 possimus
495 585 561 622 NT
619 585 668 624 20
712 586 915 635 inopesque
961 585 999 623 C.
1046 586 1246 624 reddemur
1282 587 1314 623 N
1341 586 1346 637 Ι
1372 588 1421 624 24
1451 585 1529 624 sola

190 648 223 685 N
249 648 254 695 Ι
281 650 328 685 25
361 648 434 685 Illa
463 649 617 697 quidem
648 661 722 686 non
752 649 854 686 videt
884 650 925 686 ut
953 650 1092 697 cupiat.
1124 649 1364 687 Feminarum
1393 651 1462 687 etc.
1485 648 1524 686 C.

192 711 264 748 Illa
294 722 365 748 non
396 711 509 749 habet
537 713 580 749 ut
607 712 733 760 faciat,
764 711 983 750 necessariis
1015 712 1111 749 vitae
1141 712 1406 750 sustentaculis
1429 712 1528 749 caret

190 774 235 811 N.
269 774 558 822 „ista-fruatur“
591 788 661 814 om.
692 776 733 813 T.

294 848 334 885 p.
364 839 445 877 187.
480 842 511 875 1
530 839 647 876 nullis
678 839 717 877 C.
732 846 817 888 post
847 839 954 876 decor
973 839 1061 877 add.
1083 850 1210 876 earum
1241 838 1279 877 C.
1301 839 1527 877 ornamentis

189 901 221 938 N
248 902 253 949 Ι
280 903 300 938 2
333 902 495 940 assentio
526 902 593 941 Na.
619 909 704 951 post
732 915 791 940 ars
820 902 908 940 add.
939 914 1006 940 nec
1031 901 1059 940 C
1082 902 1089 949 Ι
1114 903 1137 940 3
1167 902 1307 940 incesto
1333 902 1360 940 C
1385 902 1526 940 incerto

188 964 229 1002 T.
261 964 474 1003 adulterino
505 966 531 1003 C
561 965 770 1003 adulterius
800 966 830 1003 T
855 965 861 1014 Ι
886 967 910 1002 4
940 965 1058 1015 esset]
1093 979 1162 1002 om.
1193 980 1226 1003 α.
1257 965 1302 1015 si]
1332 966 1396 1003 sed
1416 965 1446 1002 T
1471 966 1476 1015 Ι
1503 967 1524 1002 5

190 1028 367 1065 viveretis
396 1028 537 1066 iudicio
567 1029 596 1066 T
627 1029 787 1067 viventis
819 1029 957 1066 iudicio
987 1028 1015 1066 O
1040 1032 1046 1078 Ι
1073 1030 1093 1065 7
1128 1028 1270 1066 indicet
1290 1028 1318 1066 C
1343 1032 1347 1077 Ι
1373 1031 1396 1067 8
1415 1029 1523 1067 testi-

188 1092 324 1129 moniis
354 1092 506 1130 ieiuniis
537 1093 743 1131 voluntatis
774 1093 801 1131 C
827 1093 832 1142 Ι
858 1095 880 1130 9
911 1091 1043 1143 pestis]
1074 1105 1150 1129 om.
1183 1106 1216 1130 α.
1247 1094 1393 1130 evenire
1426 1105 1524 1131 mor-

191 1154 333 1192 talibus
364 1155 390 1193 C
416 1157 422 1205 Ι
453 1157 499 1193 10
528 1157 575 1193 de
603 1156 779 1193 humanis
810 1156 983 1193 sensibus
1014 1155 1041 1193 C
1067 1156 1072 1204 Ι
1103 1158 1140 1193 11
1178 1155 1216 1193 id
1246 1154 1316 1206 est]
1352 1156 1452 1193 idem
1482 1156 1523 1194 T.

192 1217 279 1269 non]
314 1232 386 1257 om.
429 1222 455 1257 Ο
481 1219 485 1269 Ι
516 1221 560 1257 12
592 1232 613 1257 a
641 1220 779 1257 scelere
825 1219 887 1257 CN
914 1221 918 1268 Ι
950 1220 993 1258 13
1037 1219 1193 1256 tolerare
1235 1219 1268 1256 N
1294 1219 1299 1268 Ι
1331 1222 1373 1257 15
1421 1219 1525 1256 verba

187 1283 295 1318 uncis
337 1283 479 1319 inclusa
520 1296 589 1320 om.
620 1283 688 1324 Na,
719 1283 836 1320 eamsi
864 1283 898 1319 N
924 1282 928 1331 Ι
958 1284 1003 1319 16
1034 1283 1135 1331 leges
1166 1283 1241 1331 vos]
1272 1294 1335 1319 vos
1364 1283 1466 1331 leges
1497 1283 1524 1320 O

189 1344 290 1393 leges
321 1346 387 1382 NT
413 1347 417 1394 Ι
448 1348 493 1384 18
526 1345 664 1397 beluis]
693 1346 830 1383 melius
861 1346 900 1384 C.
932 1348 1075 1383 constat
1106 1340 1185 1395 vos]
1227 1358 1292 1383 nos
1322 1347 1466 1383 constat
1496 1345 1523 1383 G

186 1420 252 1446 vos
296 1410 441 1447 constat
475 1410 541 1448 NT
567 1410 571 1459 Ι
600 1413 646 1448 19
677 1409 905 1460 communia]
937 1423 1005 1448 om.
1037 1423 1058 1446 α
1083 1416 1087 1450 Ι
1115 1410 1164 1447 20
1193 1409 1415 1459 rationibus]
1446 1423 1516 1447 om.

185 1471 249 1509 CN
273 1475 279 1521 Ι
307 1475 350 1510 21
385 1474 423 1511 id
453 1474 524 1523 est]
555 1487 625 1512 om.
656 1474 695 1512 C.
728 1474 1014 1511 rationabilibus
1045 1473 1109 1511 CN
1134 1475 1139 1522 Ι
1167 1475 1214 1511 22
1245 1474 1342 1523 lege]
1395 1486 1461 1512 om.
1491 1474 1522 1511 T

186 1536 333 1574 inediae
375 1537 668 1585 perstringimur
711 1538 921 1575 rationibus
965 1536 992 1574 C
1017 1541 1022 1584 Ι
1050 1538 1097 1574 25
1143 1536 1248 1585 quas]
1293 1537 1430 1584 quibus
1473 1536 1519 1575 N.

186 1600 306 1647 sopita
333 1600 404 1638 Na.
433 1600 628 1638 cohibetur
657 1601 702 1638 N.

296 1674 335 1711 p.
366 1665 448 1703 188.
511 1666 525 1700 1
561 1664 830 1712 temperantiae
872 1677 895 1700 α
919 1665 925 1712 Ι
951 1664 973 1701 3
1017 1664 1188 1712 voluptas
1230 1662 1264 1699 N
1290 1663 1295 1711 Ι
1322 1664 1342 1699 5
1373 1663 1522 1711 aptatur

185 1727 407 1765 animorum.
466 1725 564 1772 Quin
596 1728 710 1764 etiam
741 1727 768 1765 C
793 1727 798 1774 Ι
825 1728 847 1764 6
869 1726 1073 1764 motatione
1096 1740 1119 1762 α
1144 1729 1149 1773 Ι
1177 1728 1195 1762 7
1218 1725 1410 1775 fatiscunt]
1432 1726 1521 1764 facti

186 1792 275 1827 sunt
304 1791 334 1828 T
360 1790 365 1838 Ι
391 1792 413 1827 ὅ
445 1789 532 1841 non]
563 1803 633 1827 om.
665 1790 693 1827 O
723 1791 873 1828 videtur
911 1790 1103 1827 instabilis
1133 1800 1212 1827 esse
1240 1789 1272 1826 N
1299 1793 1304 1837 Ι
1330 1791 1352 1826 9
1394 1787 1520 1840 rebus]

185 1865 310 1892 rerum
356 1853 605 1903 qualitatibus
641 1855 673 1892 N
705 1865 828 1892 rerum
858 1854 899 1892 T.
926 1860 1010 1903 post
1038 1853 1150 1891 ctiam
1188 1853 1277 1890 add.
1314 1854 1350 1891 et
1384 1852 1413 1890 T
1439 1854 1444 1901 Ι
1473 1855 1518 1891 12

186 1917 398 1968 audaciam]
428 1931 499 1956 om.
529 1918 575 1955 N.
606 1918 874 1966 astutiamque]
897 1930 965 1954 om.
991 1931 1014 1953 α
1034 1918 1211 1954 astutiam
1232 1917 1265 1954 N
1291 1921 1296 1964 Ι
1329 1917 1370 1953 13
1393 1917 1517 1965 requi·

187 1983 244 2019 rat
275 1995 298 2018 α
323 1984 328 2025 Ι
356 1983 403 2019 14
433 1983 560 2031 poscat
604 1981 672 2018 Not.
704 1980 806 2032 sunt]
851 1994 918 2018 om.
949 1995 970 2017 α
997 1984 1001 2027 Ι
1032 1983 1075 2019 15
1119 1981 1192 2018 alia
1235 1979 1346 2030 quae]
1395 1980 1520 2029 aliqua
1579 1973 1581 1975 ¹

190 2045 218 2083 C
243 2046 250 2095 Ι
279 2046 324 2082 16
355 2045 478 2093 sopori
509 2044 536 2082 C
560 2047 567 2093 Ι
595 2047 640 2083 17
673 2056 764 2093 quas
795 2056 836 2082 ex
866 2045 1006 2094 labore]
1046 2057 1113 2084 om.
1145 2045 1175 2081 T
1200 2047 1205 2091 Ι
1228 2044 1280 2081 ,18
1311 2044 1364 2081 ita
1393 2044 1518 2097 modo]

184 2108 237 2146 ita
266 2109 307 2147 T.
339 2109 570 2147 delectamur
601 2107 628 2145 C
653 2110 658 2157 Ι
685 2110 729 2146 21
764 2116 972 2158 suggerunt
1010 2108 1117 2147 nobis
1155 2108 1232 2147 NT.
1267 2122 1296 2146 υ.
1330 2109 1373 2145 21
1407 2114 1439 2145 et
1468 2109 1516 2146 22

183 2186 252 2211 om.
285 2172 313 2210 C
338 2173 343 2222 Ι
370 2174 419 2210 23
443 2180 527 2221 post
557 2173 802 2220 permixtione
830 2173 916 2212 add.
942 2174 979 2211 et
999 2173 1044 2218 N,
1074 2184 1154 2210 esse
1174 2173 1215 2210 T.
1241 2170 1310 2222 ita]
1331 2172 1369 2209 in
1390 2186 1412 2208 α
1437 2174 1443 2220 Ι
1467 2172 1517 2210 24

183 2236 374 2287 conditur]
419 2236 585 2274 creditur
615 2234 655 2275 C.
696 2235 753 2285 ut]
798 2237 833 2273 ct
874 2235 901 2274 C
926 2236 930 2282 Ι
957 2237 1005 2273 25
1048 2235 1184 2273 tribuit
1225 2235 1270 2273 N.
1314 2234 1517 2285 familiare]

181 2300 346 2338 familias
377 2302 413 2337 et
444 2299 471 2337 O
502 2300 705 2349 famulatus
735 2299 767 2335 N
791 2299 955 2337 familias
998 2300 1028 2337 T
1054 2302 1058 2347 Ι
1086 2300 1133 2336 26
1178 2298 1265 2347 quo]
1309 2299 1446 2345 quibus
1476 2298 1515 2337 C.

181 2362 313 2415 moles]
342 2364 469 2402 mollis
498 2363 540 2402 T.
571 2362 753 2400 fabricata
781 2375 850 2400 om.
882 2362 920 2402 C.

288 2439 327 2476 p.
357 2430 443 2467 189.
477 2431 493 2466 1
514 2427 706 2476 consistat]
724 2420 794 2465 om.
809 2426 847 2466 C.
865 2426 905 2464 Si
921 2428 959 2465 C.
980 2427 1245 2465 ministrantur
1262 2426 1289 2463 C
1314 2427 1319 2473 Ι
1346 2427 1367 2463 2
1384 2437 1403 2464 e
1418 2428 1517 2466 terra

180 2489 322 2542 copiae]
345 2494 381 2530 et
402 2492 528 2539 copiae
561 2490 600 2528 C.
631 2490 887 2540 constituntur]
902 2503 971 2529 om.
994 2489 1022 2528 C
1045 2502 1063 2527 e
1084 2488 1193 2541 mari]
1223 2490 1268 2527 de
1288 2490 1383 2527 mari
1408 2490 1435 2528 C
1460 2491 1465 2538 Ι
1491 2490 1514 2528 3

180 2556 392 2604 largiantur
421 2569 454 2592 α.
485 2555 543 2604 tu]
574 2567 642 2592 om.
674 2554 718 2591 N.
753 2554 844 2602 „His
876 2577 922 2581 —-
954 2554 1166 2591 abstinere“
1197 2566 1265 2590 om.
1287 2554 1330 2592 T.
1361 2554 1429 2591 His
1450 2555 1515 2591 aut

180 2620 210 2657 si
227 2621 268 2658 tu
284 2620 378 2658 endo
394 2619 583 2657 abstinere
600 2618 761 2657 volueris
779 2616 806 2655 C
831 2619 837 2668 Ι
863 2619 884 2656 5
902 2617 1049 2656 meliori
1066 2616 1093 2655 C
1119 2617 1125 2667 Ι
1150 2618 1172 2655 6
1188 2617 1426 2666 praestantur
1440 2616 1512 2659 Nm.
