1737 2989
636 109 895 148 -11-

102 234 398 281 Damadamidis,
430 235 612 273 Sandanis
642 236 874 286 aliorumque
905 248 993 274 usus
1022 239 1078 274 est
1106 237 1329 285 legatorum,
1366 238 1430 286 qui

97 298 144 334 ad
174 299 436 346 imperatorem
456 299 686 337 Antoninum
710 299 821 337 Pium
849 300 957 337 missi
986 301 1102 337 erant.
1146 300 1203 337 Ab
1233 299 1292 337 his
1319 311 1430 337 accu—

96 361 213 399 ratius
244 361 287 399 de
318 361 486 400 doctrina
515 363 664 412 vitaque
692 363 991 413 Bragmanorum
1020 363 1233 402 docebatur.
1290 362 1428 401 Narra-

99 426 153 463 vit
182 437 259 463 rem
289 426 480 475 publicam
506 427 683 465 Indorum
713 428 751 465 in
781 429 959 477 quattuor
988 439 1124 477 genera
1153 427 1312 465 divisam
1340 439 1429 466 esse.

97 489 148 527 Ex
178 488 237 526 his
265 501 383 527 unum
413 502 530 539 genus
559 502 650 539 esse,
679 492 777 541 quod
806 491 993 530 aGraecis
1015 491 1284 542 γυμνοσοφισταί
1299 491 1427 541 appel-

96 553 247 600 laretur,
278 564 437 602 quorum
466 554 533 592 alii
561 557 684 593 essent
714 556 929 604 Bragmani,
960 556 1027 594 alii
1057 555 1266 595 Samanaei.
1311 556 1429 605 Brag-

96 629 224 656 manos
271 630 312 657 ex
355 618 499 668 origine
543 630 611 658 sua
643 621 687 658 ut
715 619 923 658 sacerdotes
952 619 1149 659 scientiam
1178 631 1302 658 rerum
1331 619 1426 658 divi-

95 695 227 721 narum
256 684 417 730 habere3
448 684 667 721 Samanaeos
701 695 768 721 sua
787 685 917 733 sponte
938 685 984 721 ad
1004 684 1173 722 ordinem
1194 684 1429 721 sacerdotum

96 758 134 796 se
164 747 340 785 conferre.
397 747 626 797 Bragmanos
656 748 725 785 sub
754 748 911 797 imperio
940 758 1070 797 regum
1098 759 1170 785 non
1200 758 1280 785 esse
1308 758 1428 796 neque

93 811 171 849 ullo
213 811 437 860 magistratu
480 811 599 860 fungi.
657 810 732 858 Qui
774 811 1043 861 philosophiae,
1088 812 1146 850 vel
1175 812 1299 861 potius
1329 812 1428 850 vitae

93 875 403 924 contemplativae
433 886 471 911 se
501 875 600 921 dent,
630 876 667 912 et
694 876 733 912 in
763 875 954 913 montibus
974 876 1011 912 et
1030 875 1077 912 ad
1098 875 1267 924 Gangem
1286 875 1427 913 flumen

92 937 275 977 habitare.
334 939 543 987 Montanos
570 939 691 989 pomis
734 940 771 977 et
812 939 908 977 lacte
950 939 1075 977 herbis
1105 939 1220 977 mixto
1250 950 1288 977 se
1317 938 1425 978 alere.

94 1002 167 1047 Qui
196 1003 242 1039 ad
272 1003 440 1051 Gangem
468 1003 650 1051 habitent,
679 1004 800 1052 pomis
829 1004 941 1049 vesci,
970 1015 1126 1051 quorum
1157 1003 1212 1041 ibi
1240 1004 1429 1052 permulta

92 1066 179 1112 sint,
228 1067 264 1104 et
306 1078 426 1116 oryza,
478 1067 509 1104 si
553 1066 659 1116 copia
700 1078 895 1116 pomorum
924 1067 1083 1105 deficiat.
1141 1066 1271 1105 Alium
1300 1066 1425 1105 cibum

92 1132 242 1177 gustare
270 1130 308 1168 in
338 1130 569 1179 turpissimis
598 1142 658 1169 eos
686 1130 823 1169 habere
850 1119 974 1169 rebus.

197 1194 351 1243 Magna.
366 1206 450 1232 cum
479 1195 617 1243 pietate
645 1195 724 1233 deis
756 1194 922 1233 colendis
943 1206 1003 1233 eos
1024 1206 1061 1233 se
1082 1194 1229 1233 dedisse
1247 1196 1285 1232 et
1307 1194 1425 1233 maxi-

92 1269 191 1295 mam
236 1260 378 1306 partem
419 1258 496 1296 diei
524 1259 680 1307 hymnos
710 1260 746 1296 et
774 1270 901 1307 preces
930 1259 1060 1296 facere.
1118 1259 1165 1296 Et
1193 1259 1425 1307 Bragmanos

92 1323 126 1358 et
156 1321 375 1359 Samanaeos
413 1322 512 1371 apud
541 1321 652 1359 Indos
683 1322 722 1359 in
752 1333 898 1360 summo
926 1322 1064 1360 honore
1093 1333 1185 1371 esse,
1229 1332 1335 1370 reges
1365 1333 1425 1359 eos

91 1386 193 1423 adire
236 1387 279 1424 et·
313 1397 428 1431 orare,
471 1387 515 1424 ut
557 1398 622 1435 pro
662 1385 783 1425 salute
812 1386 963 1436 imperii
990 1398 1116 1436 preces
1145 1386 1285 1425 faciant
1315 1388 1351 1424 et
1380 1385 1425 1424 de

91 1451 290 1498 propositis
336 1451 412 1488 suis
457 1451 656 1488 consilium
699 1451 799 1489 dent.
857 1451 911 1488 De
941 1451 1019 1488 vita
1048 1452 1084 1488 et
1112 1451 1231 1488 morte
1259 1450 1425 1489 iudicare

90 1525 148 1551 eos
178 1515 294 1551 vitam
325 1525 403 1551 esse
433 1526 452 1552 a
481 1515 615 1552 natura
643 1514 857 1552 hominibus
886 1515 1099 1563 impositam
1121 1515 1158 1552 et
1177 1514 1216 1552 id
1236 1514 1424 1563 agendum

90 1589 179 1621 esse,
222 1579 264 1615 ut
307 1578 432 1616 anima
473 1578 635 1627 corporis
677 1577 840 1616 vinculis
870 1578 1063 1617 relaxetur.
1123 1577 1325 1626 Accidisse,
1369 1579 1423 1626 ut,

89 1652 315 1690 quamquam
360 1642 500 1691 optima
535 1641 750 1682 valetudine
779 1642 836 1680 uti
864 1642 1091 1689 viderentur,
1138 1642 1238 1680 ultro
1267 1643 1424 1680 mortem

93 1704 166 1742 sibi
206 1705 347 1743 darent.
404 1705 557 1743 Nemini
598 1705 665 1743 hos
707 1707 828 1752 antea,
872 1717 966 1754 quae
1008 1706 1047 1742 in
1091 1705 1215 1743 animo
1249 1706 1423 1752 habeant,

90 1778 238 1806 narrare
267 1780 386 1818 neque
416 1780 642 1818 quemquam
663 1768 858 1818 impedire,
888 1769 1088 1818 quominus
1108 1769 1301 1818 inceptum
1321 1780 1421 1807 exse-

90 1834 264 1880 quantur.
314 1833 387 1878 Qui
419 1834 470 1870 ita
498 1833 637 1870 mortui
666 1833 755 1880 sint,
785 1825 932 1870 sanctos
961 1833 1164 1881 beatosque
1191 1833 1422 1881 praedicari3

89 1905 175 1933 nam
203 1896 435 1946 Bragmanos
478 1896 551 1934 sibi
594 1896 823 1946 persuasisse
865 1896 1008 1935 animos
1038 1896 1233 1936 hominum
1268 1896 1421 1935 immor-

87 1960 180 1996 tales
197 1964 301 1998 esse.

193 2023 227 2059 H
244 2023 256 2060 i
274 2035 293 2061 e
310 2036 327 2061 r
343 2035 362 2061 o
378 2035 397 2061 c
412 2024 426 2061 l
443 2036 461 2062 e
478 2036 507 2072 s,
536 2024 601 2073 qui
629 2024 738 2062 initio
768 2024 892 2074 quinti
921 2024 1060 2063 saeculi
1087 2024 1256 2063 floruisse
1275 2024 1423 2062 videtur

87 2085 245 2135 (Jacoby
274 2087 354 2125 PW
389 2087 478 2125 VIII
510 2089 636 2136 1478),
680 2088 775 2126 nihi]
819 2088 906 2127 novi
949 2089 1075 2126 narrat
1116 2088 1191 2126 nisi
1235 2088 1280 2126 de
1322 2089 1423 2127 veste

88 2148 325 2195 sapientium.
370 2151 443 2188 Illa
472 2151 571 2189 enim
602 2151 740 2190 dicitur
769 2152 953 2190 fabricata
978 2163 1058 2190 esse
1077 2163 1120 2190 ex
1139 2152 1299 2196 linteis;
1329 2163 1422 2201 quae

89 2221 129 2247 ex
172 2212 363 2262 lapidibus
392 2214 485 2253 fieri.
542 2215 674 2258 Fibras
703 2216 803 2254 enim
833 2215 1003 2265 lapidum
1031 2217 1160 2254 tenues
1189 2216 1421 2264 Bragmanos

87 2275 205 2312 texere
233 2278 530 2327 vestimentaque
558 2278 752 2326 fabricare,
782 2291 876 2328 quae
904 2279 986 2327 igni
1015 2280 1202 2317 resistant.

192 2338 332 2387 Restat,
363 2342 405 2379 ut
434 2353 718 2381 commemorem
744 2342 1182 2385 Pseudo-Callisthenem
1210 2342 1282 2390 (ΙΙΙ
1298 2344 1320 2380 5
1337 2346 1421 2392 sq.),

87 2401 300 2441 Palladium
342 2406 431 2454 (περὶ
472 2409 539 2443 τῶν
577 2409 636 2455 τῆς
679 2405 797 2447 Ἰνδίας
843 2407 954 2444 ἐθνῶν
991 2408 1140 2444 καὶτῶν
1169 2405 1420 2458 Βραχμάνων),

24 2503 29 2508 ,
86 2465 326 2506 Ambrosium
344 2469 408 2517 (de
421 2470 588 2509 moribus
601 2470 947 2540 Brachmanorum),
965 2471 1203 2510 collationem
1217 2471 1420 2510 Alexandri

87 2527 215 2575 Magni
244 2530 280 2567 et
308 2531 492 2571 Dindimi.
