1737 2989
643 766 923 827 Appendix.

389 865 517 904 Varia
543 864 675 903 lectio
703 863 825 902 codd.
856 862 977 901 CRM·
1005 862 1121 909 (coll.
1149 862 1198 909 1).

125 949 156 987 C
174 962 212 977 =
234 949 313 988 cod.
344 948 578 987 Monacensis
608 948 688 986 Lat.
714 947 841 985 11319
871 946 1053 996 (Polling.
1080 946 1145 995 19)
1174 945 1330 983 membr.
1353 945 1394 982 4⁰
1424 957 1452 983 s.

98 1002 100 1005 ’
250 1012 352 1051 xm.
382 1013 446 1052 fol.
478 1013 673 1051 97-104,

123 1077 162 1113 Ε
180 1088 216 1102 =
239 1076 317 1114 cod.
348 1075 598 1114 Erfordiensis
627 1075 801 1123 Amplon.
832 1074 914 1112 Oct.
945 1076 1008 1112 92.
1037 1086 1065 1112 s.
1087 1074 1192 1112 XIII.
1213 1073 1277 1110 fol.
1299 1073 1455 1110 20—24

250 1139 459 1186 (continens
487 1151 522 1188 p,
558 1139 813 1185 169—180,19
843 1138 1060 1185 Minervae).

125 1202 169 1239 N
186 1214 224 1229 =
247 1202 326 1240 cod.
357 1202 706 1251 Montepessulanus
736 1202 797 1239 31.
827 1202 985 1240 membr.
1016 1213 1044 1239 s.
1075 1201 1147 1239 XII
1167 1201 1229 1239 fol.
1256 1202 1456 1240 122-150.

130 1264 164 1302 Τ
182 1278 219 1292 =
242 1265 320 1303 cod.
352 1265 706 1314 Montepessulanus
736 1265 825 1305 384.
856 1277 887 1303 s.
916 1265 1111 1314 XIIlXIII.
1142 1265 1203 1303 fol.
1237 1265 1312 1302 42b
1342 1276 1420 1313 sqq.

137 1343 158 1365 α
180 1341 218 1355 =
244 1339 447 1367 consensus
476 1328 581 1367 codd.
613 1327 692 1368 CT.

230 1393 335 1431 codd.
381 1391 464 1430 NT
490 1393 611 1431 varias
652 1393 830 1431 lectiones
860 1393 1038 1431 Alfonsus
1067 1394 1184 1431 Hilka
1212 1393 1456 1442 Gryphiensis

126 1456 220 1493 mihi
250 1455 404 1493 comiter
434 1456 619 1504 permisit,
649 1456 753 1493 codd.
787 1456 856 1492 GE
883 1467 923 1493 ex
942 1456 1083 1493 tabulis
1104 1456 1356 1505 phototypicis
1376 1457 1457 1505 ipse

122 1519 284 1557 contuli.
342 1518 508 1564 Quorum
552 1520 721 1557 codicum
755 1520 909 1557 maximi
938 1520 1048 1568 pretii
1077 1531 1155 1557 esse
1185 1521 1276 1569 puto
1304 1519 1358 1567 N,
1394 1520 1458 1569 qui

126 1583 245 1621 codici
275 1582 559 1626 Millstadtensi,
590 1594 661 1632 quo
684 1594 776 1620 usus
798 1584 854 1621 est
874 1583 1095 1631 Frobenius‚
1125 1583 1358 1633 propinquus
1379 1595 1458 1622 esse

126 1647 284 1685 videtur.
343 1645 460 1694 CET,
490 1647 555 1695 qui
583 1647 739 1685 minoris
768 1647 881 1695 pretii
911 1648 1011 1695 sunt,
1041 1648 1239 1696 praecipue
1259 1648 1365 1685 codd.
1390 1647 1462 1684 LP

128 1713 164 1750 et
193 1710 351 1750 editioni
380 1709 524 1749 Bissaei
552 1710 755 1761 propinqui
784 1711 883 1749 sunt.
923 1710 1145 1749 Collationis
1166 1722 1218 1749 ca.
1242 1712 1292 1750 50
1312 1711 1457 1750 codices

128 1777 270 1823 extant3
313 1776 440 1824 itaque
467 1776 511 1812 ut
539 1774 688 1813 collatio
718 1774 838 1812 denuo
868 1775 1013 1822 edatur,
1049 1775 1237 1823 postulare
1267 1775 1459 1823 debemus,

129 1839 348 1888 praesertim
390 1849 474 1876 cum
504 1838 690 1875 Kueblero
719 1837 854 1875 editori
883 1839 958 1876 tres
987 1839 1136 1875 tantum
1166 1838 1310 1876 codices
1342 1838 1456 1876 duae-

127 1914 197 1951 que
226 1902 408 1940 editiones
437 1903 582 1950 praesto
611 1900 761 1939 fuerint.

235 1976 330 2016 coll.
360 1977 376 2014 1
403 1986 445 2024 p.
474 1977 560 2015 169.
602 1977 619 2013 1
652 1974 801 2025 Magni]
823 1988 893 2015 om.
914 1975 962 2014 E.
989 1974 1190 2014 Alexandri
1211 1976 1311 2025 regis
1331 1978 1460 2025 magni

128 2041 165 2078 et
193 2040 364 2077 Dindimi
393 2039 492 2088 regis
521 2040 811 2087 bragmanorum
842 2039 887 2076 de
917 2039 1155 2088 philosophia
1183 2039 1281 2077 facta
1309 2051 1375 2088 per
1393 2040 1458 2077 lit-

127 2105 225 2142 teras
269 2102 430 2141 collatio.
502 2101 710 2140 Alexander
751 2100 871 2150 N15
913 2102 1082 2152 Epistola
1127 2103 1345 2154 Alexandri]
1389 2117 1459 2142 om.

130 2167 200 2205 GE
220 2168 227 2216 Ι
253 2170 272 2204 7
304 2167 461 2216 ratione]
492 2180 560 2204 om.
586 2166 629 2205 Τ.
659 2178 701 2204 ac
729 2166 897 2204 omnium
918 2168 983 2216 qui
1003 2168 1138 2205 ubiubi
1158 2170 1246 2206 sunt
1266 2168 1461 2206 hominum

130 2231 321 2279 discepare
350 2230 381 2268 C
408 2241 428 2267 a
458 2230 709 2268 communium
753 2229 820 2278 qui
856 2230 997 2280 ubique
1036 2232 1125 2268 sunt
1153 2231 1347 2269 hominum
1376 2231 1416 2268 E
1441 2243 1462 2269 a

130 2294 319 2333 communi
362 2306 435 2331 usu
478 2294 541 2343 qui
577 2294 717 2343 ubique
760 2294 849 2331 sunt
877 2293 1073 2331 hominum
1104 2294 1148 2332 N.
1207 2294 1361 2346 ubique]
1397 2296 1459 2333 ubi

135 2357 169 2395 T
191 2361 196 2406 Ι
222 2358 244 2395 9
274 2357 345 2408 sui]
376 2369 442 2396 sua
473 2357 504 2399 C
525 2359 531 2407 Ι
561 2359 600 2394 11
635 2356 686 2407 et]
717 2357 760 2394 ut
783 2355 826 2395 T.
857 2357 894 2394 te
914 2357 1061 2396 litteras
1087 2357 1264 2396 Dindime
1289 2357 1359 2396 ΟΕ
1380 2359 1386 2407 Ι
1414 2360 1461 2397 12

131 2423 162 2460 si
191 2421 498 2472 philosophandi]
549 2420 837 2470 philosophandi
865 2420 905 2457 Ε
931 2435 953 2458 α
978 2421 984 2471 l
1014 2422 1059 2460 13
1089 2422 1367 2472 incunctanter]
1402 2424 1460 2460 in-

130 2486 343 2523 constanter
373 2485 419 2524 Ε.
477 2484 566 2535 quo]
596 2484 694 2534 quod
724 2483 771 2521 N
791 2484 797 2533 Ι
823 2484 872 2521 14
902 2484 947 2534 si]
978 2497 1047 2523 om.
1083 2484 1145 2537 ΤΙ
1175 2488 1220 2524 15
1250 2485 1363 2524 huius
1384 2497 1460 2524 sec-

130 2551 227 2587 tator
257 2549 359 2597 CN!
388 2552 432 2587 16
463 2561 611 2599 operam
655 2548 740 2586 dedi
776 2547 820 2585 N
841 2548 847 2596 Ι
880 2551 921 2586 17
960 2550 1001 2587 ut
1031 2548 1206 2600 arbitror]
1236 2562 1304 2587 om.
1335 2564 1357 2587 α
1381 2553 1387 2600 Ι
1416 2551 1461 2588 18
