1737 2989
697 153 958 191 ..41-

164 265 287 326 pimini:
318 294 494 332 equoreas
523 282 643 319 undas
674 290 792 327 usque
822 278 868 315 ad
899 278 1018 315 saltus
1049 278 1089 316 C.
1119 290 1297 328 equoreas
1324 278 1493 317 madidas

164 343 281 382 undas
313 358 430 395 usque
460 346 619 384 saltatus
649 343 723 380 ET.
754 353 930 391 equoreas
955 342 1236 381 madidissimas
1257 342 1494 392 undososque

162 407 317 446 saltatus
346 409 379 446 N
405 409 411 457 Ι
443 410 482 445 11
529 407 746 443 innocenter
776 405 803 443 C
828 404 833 455 Ι
864 406 908 443 13
938 406 1082 456 florem]
1125 407 1232 444 flores
1278 407 1332 444 Εα
1359 406 1493 444 florum

161 468 204 507 N.
236 472 417 509 suavitate
446 470 492 507 N.
524 469 673 506 exalans
704 468 763 507 ΟΕ
793 469 958 508 exaltans
986 469 1017 507 Τ
1041 469 1047 519 Ι
1076 473 1122 507 14
1151 470 1356 508 Nemorum
1400 481 1490 519 quo-

161 545 232 581 que
261 533 299 571 C.
331 532 507 582 fontium]
538 532 729 569 frondium
758 531 815 583 C]
846 533 889 570 15
919 532 1074 584 arridet]
1115 545 1184 572 om.
1216 534 1243 570 E
1268 533 1274 582 Ι
1303 535 1349 570 16
1380 534 1489 571 dulce

160 594 223 633 CN
249 597 254 645 1
285 597 327 632 17
359 596 596 644 expectacula
625 595 686 632 ET
711 596 716 643 Ι
748 596 790 632 18
823 596 997 645 refutare]
1028 596 1156 634 futura
1185 596 1213 635 C
1239 598 1245 645 Ι
1271 598 1320 634 20
1350 597 1492 634 iacente

159 659 192 696 N
218 660 223 707 Ι
252 660 297 696 -·.).
327 658 502 707 profectis
533 658 560 697 C
586 657 592 709 Ι
618 660 667 696 24
689 659 852 697 creditur
872 670 950 697 esse
969 659 1003 696 N
1029 659 1034 706 Ι
1061 660 1109 696 25
1131 660 1336 708 multisque
1358 658 1385 696 C
1409 659 1415 708 Ι
1441 661 1488 697 27

159 723 231 759 arti
262 720 300 759 C.
333 734 404 760 non
435 721 632 772 discimus]
662 735 729 761 om.
761 736 793 762 α.

264 806 304 843 p.
334 798 416 836 178.
478 799 493 833 1
526 797 716 834 rethorum
746 796 816 835 ΟΕ.
847 797 1038 835 rhetorum
1067 799 1104 835 et
1133 800 1322 852 oratorum
1342 808 1489 845 operam

158 860 290 897 damus
320 859 353 897 N
379 861 384 908 Ι
411 862 432 898 2
465 860 535 910 est]
566 872 634 898 om.
664 860 694 897 Ε
718 862 724 908 Ι
749 861 772 899 3
803 860 1041 910 criminibus]
1071 860 1111 897 in
1141 860 1359 898 criminosos
1381 862 1408 898 C
1433 861 1439 910 Ι
1465 863 1488 897 4

159 922 367 974 assignare]
397 923 583 961 affirmare
612 924 639 962 C
664 925 669 972 Ι
695 927 717 961 6
748 923 799 973 se]
841 936 911 962 om.
941 924 1050 962 ENT.
1081 924 1356 961 monimentum
1383 937 1407 960 α
1430 923 1436 972 Ι
1463 926 1484 961 9

158 985 329 1038 minime]
359 999 430 1023 non
459 986 493 1023 N
518 987 524 1035 Ι
555 988 599 1024 10
629 986 827 1037 discordia]
871 987 1088 1025 discordans
1125 986 1164 1024 C.
1188 994 1271 1036 post
1300 987 1487 1025 discordia

149 1051 241 1089 add.
273 1053 329 1089 est
357 1052 397 1090 E.
429 1053 645 1099 certumque
675 1050 868 1100 definiens]
899 1051 958 1089 vel
978 1052 1122 1089 certum
1142 1049 1389 1089 diffiniens-C
1409 1063 1487 1088 cer-

155 1115 311 1163 tumque
356 1114 544 1151 diffiniens
588 1114 652 1151 EN
682 1115 825 1152 certum
854 1114 1034 1152 definiens
1063 1114 1095 1151 Τ
1119 1115 1124 1163 Ι
1153 1117 1197 1151 11
1230 1114 1488 1152 scindentibus

156 1177 246 1215 ΕΝα
270 1179 276 1225 Ι
305 1180 350 1216 12
376 1189 533 1227 quorum
566 1178 774 1216 doctrinam
803 1189 877 1216 una
905 1189 990 1226 pars
1022 1179 1117 1215 bona
1146 1179 1185 1215 in
1226 1179 1418 1216 honestate
1448 1177 1487 1216 C.

157 1239 243 1293 una]
273 1254 341 1280 om.
372 1241 406 1278 N
432 1243 437 1289 Ι
468 1243 512 1280 13
543 1242 636 1280 scire
663 1241 737 1290 ipsi
764 1241 819 1279 Εα
844 1241 849 1291 Ι
878 1243 925 1279 14
954 1241 1193 1290 opinionibus
1223 1245 1260 1279 et
1295 1241 1486 1290 ambiguis

156 1305 391 1344 sermonibus
435 1309 621 1354 comperta
663 1305 811 1343 firmare
841 1304 869 1342 C
894 1327 898 1350 Ι
927 1307 973 1343 15
1004 1305 1188 1356 expedita]
1231 1305 1332 1344 edita
1359 1320 1381 1341 α
1405 1309 1411 1354 Ι
1440 1307 1486 1343 16

159 1380 231 1407 11011
275 1369 349 1406 nisi
391 1369 488 1407 iuste
530 1370 657 1406 iuvare
699 1369 743 1407 N.
788 1368 910 1406 iurare
952 1369 990 1406 G.
1035 1369 1154 1418 novit]
1209 1369 1302 1406 vivit
1349 1369 1379 1406 Τ
1404 1371 1410 1418 Ι
1440 1370 1483 1406 17

155 1432 311 1482 iniuste]
355 1433 452 1470 iuste
482 1432 571 1470 ΕΝα
605 1444 671 1470 1100
700 1432 785 1470 aliis
816 1432 951 1469 inferre
982 1433 1072 1470 dum
1101 1434 1219 1470 cesset
1248 1433 1274 1470 C
1305 1444 1372 1469 nec
1400 1432 1486 1472 aliis

153 1496 199 1532 ad
243 1497 478 1533 interendum
521 1498 646 1533 censet
681 1496 711 1533 E
749 1507 816 1532 nec
845 1495 930 1532 aliis
960 1496 1005 1532 ob
1035 1495 1271 1533 inserendum
1301 1497 1425 1533 censet
1453 1496 1485 1533 N

153 1571 219 1597 nec
239 1560 278 1596 in
300 1559 384 1598 aliis
404 1559 642 1596 inferendum
669 1560 795 1598 censet
813 1559 843 1596 Τ
869 1560 875 1607 Ι
901 1561 946 1596 21
981 1558 1012 1596 si
1032 1559 1074 1596 ut
1095 1570 1168 1596 non
1183 1559 1338 1596 habenti
1354 1558 1433 1607 deo]
1455 1559 1487 1596 si

153 1634 237 1660 cum
266 1634 338 1659 non
370 1623 507 1660 habent
535 1622 617 1660 ideo
648 1622 687 1661 O.
718 1622 750 1659 si
780 1624 822 1659 ut
852 1622 1107 1660 non-habenti
1127 1622 1210 1660 ideo
1231 1622 1295 1660 EN
1322 1625 1327 1669 Ι
1354 1624 1401 1660 22
1425 1621 1484 1672 ut]

155 1697 239 1725 cum
270 1685 297 1724 C
322 1687 326 1735 Ι
353 1686 401 1723 23
431 1698 604 1736 paremus
635 1685 662 1724 C
687 1687 693 1735 Ι
718 1688 768 1739 24
803 1692 887 1723 ante
915 1685 1071 1724 offendit
1097 1686 1185 1724 add.
1217 1687 1327 1725 deum
1352 1685 1380 1723 C
1404 1687 1410 1735 Ι
1437 1686 1485 1724 26

152 1749 315 1801 funesta]
345 1751 498 1787 cruenta
528 1751 557 1787 Ε
581 1750 587 1799 Ι
614 1751 661 1786 27
694 1750 971 1799 commercium]
1002 1761 1073 1788 om.
1103 1749 1203 1788 ΕΝα.

257 1836 297 1873 p.
327 1826 412 1864 179.
469 1826 491 1861 2
522 1825 590 1862 hoc
619 1826 775 1862 verbum
804 1824 987 1862 mundum
1008 1825 1157 1861 ‚creavit
1187 1822 1226 1862 C.
1255 1824 1356 1862 hunc
1376 1816 1505 1862 mun-⁵

152 1889 242 1926 dum
271 1888 409 1925 creavit
436 1888 465 1924 E
491 1890 495 1935 Ι
522 1887 544 1923 3
575 1888 643 1924 1100
686 1888 841 1924 verbum
883 1898 949 1924 nos
992 1898 1214 1924 veneramur
1244 1886 1284 1925 C.
1309 1887 1377 1924 hoc
1418 1898 1484 1924 nos

152 1952 348 2000 diligimus
376 1951 410 1988 N
436 1951 441 2000 Ι
467 1953 490 1987 4
521 1951 610 1988 deus
639 1950 719 1998 ipse
752 1950 842 1988 ΕΝα
866 1952 872 1999 Ι
899 1951 919 1987 7
951 1950 1110 1987 nimium
1141 1961 1204 1987 vos
1225 1950 1395 1988 excordes
1425 1949 1485 1987 ΟΕ

153 2028 216 2054 vos
260 2015 419 2053 nimium
463 2015 633 2052 excordes
675 2014 709 2050 N
734 2019 741 2063 Ι
766 2015 788 2051 8
819 2014 1028 2063 suscipitis]
1066 2014 1312 2063 suspicamini
1350 2013 1378 2052 C
1422 2025 1484 2051 su-

150 2079 296 2128 spicitis
325 2079 354 2115 Ε
383 2078 581 2126 suspicatis
610 2078 641 2114 T
665 2082 671 2114 Ι
699 2078 746 2115 10
767 2077 1022 2126 cognitionem
1042 2077 1139 2115 ΕΝΤ
1165 2078 1169 2122 Ι
1199 2079 1244 2114 12
1274 2084 1356 2114 ante
1384 2078 1481 2115 hanc

149 2143 283 2181 fovetis
325 2142 410 2179 add.
455 2141 551 2179 hanc
590 2140 747 2189 placatis
781 2140 815 2177 N
842 2141 846 2188 Ι
876 2142 922 2179 13
952 2141 1059 2179 cuius
1090 2143 1127 2178 et
1154 2141 1396 2178 contrectatio
1428 2141 1482 2178 vi-

148 2207 269 2245 ventis
312 2205 463 2243 horrida
504 2208 561 2241 est
595 2204 632 2240 et
660 2205 833 2252 contagio
861 2205 1058 2241 morientis
1087 2205 1231 2242 incesta
1260 2217 1282 2240 α
1311 2204 1417 2241 cuius
1447 2209 1483 2241 et

149 2269 391 2309 contrectatio
433 2267 625 2306 inbuentis
668 2267 820 2305 horrida
849 2267 905 2305 est
933 2268 1105 2317 contagio
1135 2267 1329 2306 morientis
1360 2269 1396 2305 et
1423 2268 1482 2305 in-

148 2336 249 2373 cesta
278 2334 306 2378 Ε
335 2333 440 2371 cuius
470 2331 710 2369 contrectatio
740 2333 776 2368 et
805 2331 1017 2369 viventibus
1047 2332 1191 2370 incesta
1218 2332 1403 2369 horrenda
1427 2332 1483 2368 est

149 2402 185 2436 et
214 2397 387 2446 contagio
416 2395 610 2434 morientis
639 2395 780 2433 incerta
811 2395 845 2432 N
871 2396 875 2444 Ι
903 2394 952 2433 14
982 2395 1131 2446 usibus]
1161 2396 1308 2434 visibus
1337 2395 1378 2434 Ε.
1409 2395 1482 2432 ele-

148 2461 291 2513 menta]
332 2461 583 2499 emolumenta
628 2457 722 2497 CEN
748 2459 753 2507 Ι
782 2460 827 2496 15
859 2458 1095 2510 exhibendis]
1134 2459 1311 2498 exhibitis
1340 2458 1374 2496 N
1400 2459 1405 2508 Ι
1435 2460 1481 2496 16

149 2526 338 2576 carnibus]
370 2525 583 2563 carnalibus
613 2537 635 2560 α
659 2525 664 2568 Ι
691 2525 739 2561 20
770 2523 913 2573 dicitis]
936 2523 1097 2562 dicimus
1122 2524 1222 2563 ΕΝα.
1253 2523 1482 2572 multiplicia
