1737 2989
777 195 1040 231 ...42—

217 320 246 358 Ε
271 321 276 370 Ι
303 322 351 359 21
383 321 420 358 in
452 320 552 359 caelo
581 320 727 371 fingitis
757 320 785 358 E
810 322 816 369 ]
842 322 890 358 22
922 321 1061 359 divisas
1082 321 1172 359 ΕΝα
1196 323 1201 370 Ι
1227 321 1275 358 23
1296 320 1547 359 familiaribus

215 383 288 424 ΟΕ.
318 384 540 437 immolatis]
571 397 639 423 om.
671 385 699 422 Ε
725 386 730 433 Ι
757 386 806 422 24
836 385 1008 423 tribuitis
1030 384 1100 423 OE.

308 470 361 508 p.
392 462 475 499 180.
538 462 553 496 l
587 459 796 508 praesulem
819 458 883 496 EN
909 459 915 509 Ι
942 461 963 496 2
993 459 1116 497 ianuis
1139 458 1166 497 C
1192 466 1196 508 Ι
1223 460 1245 497 3
1260 467 1345 509 post
1366 459 1440 498 sibi
1459 459 1546 497 add.

215 527 252 563 et
281 524 389 563 ENT.
434 522 618 574 pugilem]
664 523 883 572 lanuginem
912 522 966 561 Εα
995 522 1242 572 lapuliginem
1274 523 1301 561 E
1343 525 1385 560 in
1427 536 1546 573 marry.

214 587 431 626 vendicasse
474 586 538 624 ΕΝ
564 589 570 634 Ι
596 589 617 624 5
666 585 835 637 cellaria]
882 586 1207 624 cellamumarium
1249 587 1282 624 N
1307 589 1314 635 Ι
1339 589 1361 624 6
1405 586 1546 624 ventris

213 651 345 690 horrea
374 651 414 689 E.
445 648 622 702 incolere]
652 649 809 700 implere
838 649 892 688 Εα
917 650 923 700 Ι
950 651 969 688 7
992 656 1079 698 post
1116 661 1314 700 occupasse
1343 650 1430 688 add.
1459 650 1549 689 vilia

212 716 258 755 N.
289 715 416 754 cubila
459 726 659 763 occupasse
689 714 717 752 O
747 726 947 764 occupasse
989 714 1131 752 cubilia
1173 715 1202 752 Ε
1227 715 1232 763 Ι
1258 716 1280 751 8
1324 715 1466 753 aerium
1507 714 1546 752 C.

214 778 442 828 praetorium
483 778 523 815 in
566 778 720 816 naribus
763 778 898 815 habere
942 777 970 815 C
995 777 999 827 Ι
1026 778 1048 814 9
1092 777 1315 827 praetoriam
1354 778 1394 816 Ε.
1425 777 1481 829 ac]
1511 780 1548 815 et

212 845 265 891 αΙ
297 844 340 881 10
375 841 566 891 tantaque]
609 842 760 891 totaque
800 840 863 892 N]
896 843 938 879 12
968 841 1131 879 traditur
1172 854 1217 879 ex
1258 842 1409 880 traditis
1452 855 1546 879 corr.

213 908 241 945 C
267 908 272 955 Ι
302 909 346 944 15
378 913 463 943 ante
492 906 653 955 vectigal
683 906 772 943 add.
803 905 877 942 sibi
908 905 946 943 C.
979 905 1092 954 alius]
1114 905 1199 942 aliis
1221 906 1248 943 C
1274 905 1278 955 Ι
1311 907 1353 943 16
1375 906 1546 955 proflagi-

213 970 285 1021 tat]
314 970 487 1021 prossigat
516 970 546 1008 Ε
575 969 750 1019 pertligat
779 969 809 1007 N
842 969 1036 1007 solvuntur
1077 967 1115 1007 O.
1160 968 1340 1019 caeditur]
1384 969 1548 1007 creditur

213 1036 244 1072 T
269 1037 275 1083 Ι
302 1035 351 1072 20
381 1034 598 1083 penduntur
628 1033 656 1070 O
681 1034 686 1081 Ι
712 1034 760 1070 22
792 1040 875 1070 ante
903 1033 935 1070 si
964 1033 1050 1071 add.
1080 1034 1182 1071 idem
1211 1033 1279 1070 Να.

318 1119 359 1158 p.
389 1110 461 1148 181.
525 1110 540 1146 1
573 1107 703 1146 offerre
732 1107 765 1145 N
792 1110 796 1156 Ι
822 1110 846 1146 4
876 1107 951 1146 nisi
979 1108 1018 1145 in
1048 1108 1174 1158 certis]
1217 1108 1307 1146 haec
1336 1108 1487 1147 incertis
1517 1106 1546 1145 N

212 1176 253 1211 in
282 1187 357 1212 raa.
384 1174 438 1222 Ι.6
468 1173 672 1221 opitulares
698 1172 726 1209 O
751 1174 756 1220 Ι
783 1173 804 1209 8
826 1172 1092 1220 discerpabunt
1115 1173 1142 1210 C
1164 1173 1416 1221 discerperent
1434 1173 1467 1209 N
1493 1176 1499 1221 Ι
1525 1175 1547 1209 9

216 1236 287 1288 tot]
317 1249 386 1274 om.
418 1235 459 1273 C.
488 1238 543 1273 tot
574 1236 613 1273 in
643 1247 794 1285 corpore
823 1237 945 1273 vestro
974 1235 1007 1273 N
1034 1237 1039 1284 Ι
1071 1237 1114 1274 10
1145 1237 1242 1285 quod
1273 1236 1326 1273 dii
1355 1247 1439 1274 cum
1469 1236 1546 1273 sin-

213 1301 314 1350 gulis
343 1301 421 1338 suis
452 1299 480 1337 C
504 1301 509 1348 Ι
537 1300 585 1337 12
615 1298 697 1351 ille]
741 1300 874 1337 tertius
904 1313 937 1336 α.
969 1300 1140 1337 lucrandi
1185 1299 1331 1349 causas]
1379 1300 1548 1338 luctandi

215 1376 367 1404 causam
398 1363 426 1401 C
451 1365 457 1413 Ι
486 1366 530 1401 15
561 1363 718 1412 latendi]
750 1363 922 1401 laedendi
951 1364 982 1400 N
1010 1365 1016 1412 Ι
1044 1366 1090 1401 16
1113 1370 1198 1413 post
1226 1375 1357 1413 corpus
1378 1364 1464 1401 add.
1487 1375 1546 1401 ve-

218 1432 339 1468 strum
368 1428 408 1471 G.
439 1429 673 1466 obstructum
702 1427 772 1465 Να.
802 1439 998 1465 munerosa
1025 1428 1056 1465 T
1081 1428 1085 1477 Ι
1116 1431 1159 1465 17
1191 1429 1384 1466 marcessit
1414 1429 1442 1466 C
1467 1429 1472 1476 Ι
1503 1431 1547 1465 19

212 1500 296 1529 ante
337 1494 422 1530 cuin
465 1492 552 1528 add.
597 1492 686 1540 quia
729 1490 792 1527 CN
818 1492 822 1539 Ι
848 1492 898 1528 20
928 1491 1054 1540 opum]
1098 1491 1231 1539 opibus
1269 1490 1338 1528 Να.
1362 1498 1446 1540 post
1475 1492 1546 1529 diis

211 1556 301 1596 add.
347 1555 523 1604 patimini
565 1554 596 1591 N
624 1555 628 1603 Ι
655 1555 700 1592 21
749 1554 937 1592 munificis
990 1554 1021 1592 N
1048 1556 1126 1601 122
1158 1555 1390 1593 exaudierint
1432 1556 1546 1594 sacri-

211 1620 366 1657 ficantes
387 1619 421 1656 N
448 1619 452 1667 Ι
479 1618 527 1654 23
539 1624 623 1667 post
650 1618 872 1654 facultatum
888 1618 977 1655 add.
999 1619 1160 1666 dampna
1180 1619 1398 1656 contrahitis
1414 1619 1442 1656 G
1467 1622 1472 1663 Ι
1498 1621 1547 1656 24

212 1681 366 1731 propitii
395 1681 454 1718 Na
479 1682 484 1729 Ι
511 1681 560 1719 28
592 1680 713 1730 xerae]
756 1692 824 1718 om.
856 1680 887 1717 N
915 1685 919 1729 Ι
946 1683 994 1718 29
1029 1682 1294 1719 excruciabant
1325 1682 1352 1720 C
1377 1684 1382 1730 Ι
1408 1683 1458 1720 30
1487 1683 1544 1720 ἰη-

211 1745 371 1794 tentius]
401 1744 622 1793 diligentius
653 1743 692 1780 C.

316 1831 357 1868 p.
387 1820 470 1859 182.
534 1821 548 1856 1
584 1818 857 1868 quaecumque]
887 1830 980 1867 quae
1011 1818 1038 1857 C
1063 1820 1067 1868 Ι
1095 1821 1116 1856 2
1148 1820 1225 1870 vos]
1257 1832 1316 1857 eos
1347 1820 1415 1858 Να.
1465 1829 1547 1859 ante

214 1883 439 1921 Eumenides
481 1882 570 1921 add.
614 1882 740 1931 igitur·
782 1882 839 1919 Not
863 1883 868 1928 Ι
894 1882 917 1920 3
965 1882 1183 1934 Tisiphone]
1232 1883 1466 1933 Persephone
1513 1885 1546 1922 N

210 1948 241 1985 T
244 1947 446 1995 essephone
476 1946 517 1983 T.
549 1946 760 1994 Tesiphone
788 1947 921 1983 umbra
950 1947 1129 1995 exanguis
1150 1959 1263 1995 prava
1283 1959 1402 1986 conse.
1425 1951 1548 1986 vestra

211 2022 309 2059 corp.
342 2009 369 2047 C
394 2011 399 2058 Ι
425 2012 449 2047 4
479 2009 655 2058 sanitate]
702 2009 887 2046 suavitate
916 2009 943 2046 C
969 2013 974 2057 Ι
1001 2011 1022 2045 5
1066 2010 1226 2060 Inferni]
1268 2011 1470 2049 infernales
1499 2012 1545 2049 N.

212 2073 359 2112 delictis
390 2072 429 2111 C.
461 2072 677 2111 continuate
707 2071 734 2110 C
759 2073 763 2122 Ι
791 2074 812 2110 7
843 2079 927 2111 ante
960 2073 1058 2112 mala
1087 2073 1175 2113 add.
1205 2075 1260 2112 est
1290 2073 1318 2112 C
1343 2075 1347 2124 Ι
1374 2074 1396 2113 8
1425 2073 1546 2127 terna]

210 2138 311 2175 trina
340 2138 368 2174 C
394 2139 398 2185 Ι
424 2139 446 2174 9
478 2137 629 2187 collata]
675 2137 831 2175 collecta
861 2138 899 2175 C.
931 2138 1060 2186 Hydra
1090 2140 1145 2175 est
1189 2138 1254 2175 NT
1279 2140 1284 2187 Ι
1315 2139 1361 2176 10
1389 2139 1546 2177 foeditas

211 2201 271 2237 Να
295 2202 300 2248 Ι
330 2202 369 2236 11
405 2200 542 2237 Pluton
571 2200 638 2238 NT
663 2201 669 2249 Ι
695 2201 743 2238 13
774 2201 908 2238 merito
950 2200 1108 2238 infernis
1138 2200 1290 2239 sedibus
1320 2202 1545 2250 dampnatus

212 2265 268 2301 est
298 2262 325 2301 C
353 2276 403 2301 m.
435 2264 513 2301 sed.
543 2265 599 2301 est
627 2264 752 2302 damn.
782 2263 855 2302 Inf.
886 2264 919 2301 N
949 2276 998 2301 m.
1030 2265 1107 2302 sed.
1139 2265 1294 2314 dapnati
1324 2265 1462 2303 interni
1491 2267 1547 2303 est

210 2328 241 2365 T
266 2327 272 2375 Ι
301 2327 346 2364 15
370 2333 456 2376 post
484 2326 726 2381 felicissimos
745 2328 833 2364 add.
857 2327 1030 2368 dicamvT
1054 2328 1061 2376 Ι
1091 2329 1133 2365 17
1160 2327 1331 2377 Epistula
1353 2328 1545 2367 alexandri

209 2392 310 2441 regis
338 2390 586 2429 macedonum
614 2390 660 2428 ad
691 2390 905 2429 dindimum
933 2403 1060 2440 regem
1090 2392 1382 2441 bragmanorum
1411 2392 1439 2430 C
1465 2395 1470 2441 Ι
1499 2397 1544 2431 la

209 2455 300 2506 non]
344 2467 414 2493 om.
455 2453 483 2492 C
508 2454 514 2503 Ι
540 2454 589 2491 22
633 2454 768 2491 natura
809 2454 840 2492 Τ
865 2455 870 2504 Ι
896 2456 946 2493 24
989 2454 1271 2505 elementorum]
1315 2457 1545 2495 emolumen-

208 2521 333 2558 torum
382 2518 446 2556 CN
476 2519 811 2556 emolomentorum
857 2520 888 2556 T
913 2519 918 2567 Ι
945 2520 994 2556 24
1039 2519 1255 2568 dispensata
1298 2521 1325 2558 C
1370 2521 1546 2570 dispensa

208 2583 239 2620 T
263 2583 268 2633 Ι
296 2584 345 2621 26
374 2582 621 2632 diversarum]
651 2595 719 2620 mn.
751 2582 778 2621 C
804 2583 808 2632 Ι
836 2584 883 2620 27
915 2581 965 2634 et]
995 2595 1065 2620 om.
1094 2583 1163 2623 Na.
1195 2582 1248 2635 se]
1278 2596 1347 2623 om.
1379 2584 1417 2623 C.
