1737 2989
698 208 854 260 —'43
910 242 958 250 -

270 361 312 399 p.
341 354 422 391 183.
480 355 500 390 2
528 354 610 402 post
639 351 729 389 haec
757 350 845 388 add.
876 361 896 387 o
926 347 1094 386 dindime
1125 347 1152 386 C
1177 357 1182 398 Ι
1207 349 1231 386 3
1267 348 1495 387 numeranda

166 427 188 449 α
214 415 219 462 Ι
244 416 266 451 4
297 415 438 466 Altera]
468 429 537 455 om.
561 416 624 454 CN
650 416 655 464 Ι
682 416 703 453 5
725 414 814 462 Nos,
844 425 864 451 0
884 412 1108 460 Alexander,
1138 423 1210 450 non
1232 423 1361 450 sumus
1388 411 1416 449 C
1440 413 1446 462 Ι
1472 414 1494 450 6

166 477 290 516 orbem
333 478 531 531 terrarum]
580 480 685 517 obem
729 479 852 519 terrae=
879 477 906 515 C
931 477 937 525 Ι
963 476 985 514 8
1015 476 1197 526 patrium]
1227 476 1420 526 proprium
1448 476 1494 514 N.

169 540 406 593 delictorum]
435 555 503 581 om.
534 557 556 579 α
580 544 585 591 Ι
611 544 633 580 9
664 540 875 591 pergravati
896 553 920 577 α
943 538 998 590 in]
1026 551 1094 579 om.
1116 539 1193 579 NT.
1215 538 1494 588 illecebrarum]

169 605 215 641 ad
258 604 552 643 illecebrandum
595 605 623 642 C
647 606 653 654 Ι
682 607 722 642 11
770 614 910 653 poenae
943 602 1003 640 Na
1026 603 1033 651 Ι
1060 604 1107 640 12
1136 601 1384 652 provectibus]
1425 602 1495 640 sub

166 669 332 706 vestibus
362 669 407 708 N.
437 669 710 708 occultabimus
742 668 769 707 C
794 669 799 718 Ι
828 667 875 706 13
906 666 1135 705 conscientia
1163 667 1205 705 ut
1224 666 1344 705 fronte
1364 665 1405 704 C.
1435 666 1493 717 ac]

168 734 203 769 et
245 733 278 769 N
303 735 308 780 Ι
337 735 384 770 14
425 734 612 783 proposita
655 734 685 770 T
710 734 716 780 Ι
745 733 790 769 15
834 730 1129 769 immensitatem
1173 729 1200 768 C
1241 730 1495 768 immensitate

166 795 227 844 ΤΙ
255 797 300 833 17
344 797 403 834 dei
445 809 509 835 nos
539 797 705 835 bonitate
733 795 832 834 male
860 806 935 833 non
964 793 1022 833 uti
1052 792 1091 832 G.
1122 793 1211 846 non]
1239 806 1307 834 om.
1337 794 1379 833 Τ.
1409 795 1495 845 post

167 859 277 897 licere
307 861 391 898 add.
424 861 563 899 scimus
593 860 626 898 N
651 861 657 909 Ι
686 862 732 898 18
757 858 838 910 seu]
868 858 932 897 sed
963 857 1038 897 CN.
1069 859 1242 897 vendicat
1272 858 1299 896 C
1324 859 1329 907 Ι
1358 860 1404 897 19
1434 870 1492 896 ro-

168 922 315 974 gamus]
344 936 522 974 negamus
552 925 597 963 N.
627 924 810 962 amittere.
842 923 948 961 Unus
978 922 1078 960 enim
1098 922 1189 961 deus
1210 922 1239 961 C
1267 923 1272 972 Ι
1298 923 1348 961 20
1367 922 1493 961 firma-

168 988 222 1027 vit
250 989 280 1026 T
304 990 309 1037 Ι
336 991 381 1028 21
406 996 492 1038 post
520 990 607 1039 quia
636 989 723 1026 add.
753 987 918 1026 mundus
949 985 987 1025 O.
1019 987 1251 1039 nullatenus]
1288 989 1419 1027 nullus
1447 989 1493 1026 N.

166 1052 381 1090 diversitate
410 1064 536 1090 earum
566 1052 593 1090 C
618 1054 623 1102 Ι
649 1053 699 1090 22
729 1063 819 1090 usus
848 1051 882 1088 N
907 1050 912 1102 Ι
939 1051 989 1089 23
1012 1050 1186 1103 omissis]
1216 1064 1285 1091 o-m.
1318 1051 1358 1090 C.

270 1127 312 1166 p.
340 1119 425 1157 184.
485 1119 501 1155 1
535 1117 676 1155 amicus
706 1116 767 1155 dei
797 1115 825 1154 C
850 1115 855 1165 Ι
881 1117 904 1153 2
934 1114 1010 1153 Cur
1039 1116 1164 1154 autem
1194 1116 1265 1154 tibi
1294 1117 1417 1154 visum
1438 1117 1493 1155 est

169 1193 232 1218 nos
262 1181 492 1218 continenter
522 1180 549 1218 C
574 1181 580 1228 Ι
606 1181 627 1217 3
658 1181 725 1217 deo
754 1179 922 1217 invidere
949 1179 985 1216 N
1009 1180 1015 1226 Ι
1041 1181 1062 1217 5
1080 1186 1162 1228 post
1180 1179 1376 1217 felicitatis
1405 1181 1491 1219 add.

167 1245 306 1282 vestrae
337 1243 364 1281 C
388 1245 393 1292 Ι
420 1244 442 1281 6
472 1243 654 1293 oblitique
683 1257 716 1280 α.
745 1242 922 1293 firmatis]
952 1242 1150 1281 affirmatis
1170 1243 1204 1282 N
1223 1243 1365 1282 firmati
1383 1244 1414 1282 Τ
1438 1246 1444 1294 Ι
1470 1245 1491 1281 7

168 1308 228 1358 de]
272 1320 342 1346 om.
386 1308 455 1345 Να.
485 1306 656 1345 mortalia
692 1305 755 1345 CN
780 1305 785 1357 Ι
812 1308 833 1344 9
856 1313 943 1356 post
971 1318 1033 1345 vos
1067 1307 1154 1345 add.
1186 1307 1271 1346 deos
1301 1308 1341 1346 C.
1371 1308 1494 1346 vocari

166 1372 193 1410 C
223 1372 345 1410 vacari
373 1371 406 1408 N
435 1370 550 1409 facari
578 1371 608 1408 T
634 1371 639 1417 Ι
670 1372 710 1407 11
744 1370 869 1409 forsan
906 1370 1146 1420 pyramidum
1177 1370 1204 1410 C
1229 1373 1234 1422 Ι
1264 1373 1309 1411 12
1326 1379 1410 1422 post
1429 1384 1492 1411 vos

165 1437 250 1475 add.
295 1448 361 1485 ego
403 1437 448 1473 N.
486 1447 549 1473 vos
579 1435 702 1473 verius
734 1434 762 1472 O
787 1435 792 1484 Ι
821 1436 866 1472 13
916 1435 1098 1483 ignoratis
1134 1447 1339 1484 verumque
1381 1437 1492 1474 deum

166 1499 402 1536 contemnitis
432 1499 589 1536 scientes
619 1498 747 1546 sicque
776 1497 967 1547 sacrilegii
996 1497 1035 1536 C.
1066 1498 1306 1537 contemnitis
1335 1487 1493 1539 scientes

164 1563 194 1600 T
220 1562 223 1613 Ι
252 1565 299 1601 14
329 1560 522 1613 cuchur
541 1562 575 1599 N
600 1562 605 1610 Ι
636 1563 680 1599 16
703 1562 797 1599 vicio
818 1562 1022 1600 sauciantis
1044 1562 1071 1600 C
1097 1564 1262 1601 convivio
1283 1564 1494 1601 sauciantes

165 1627 197 1663 N
227 1625 391 1663 convicio
420 1624 628 1662 sauciantes
645 1625 675 1661 T
700 1625 705 1675 Ι
734 1626 780 1662 19
810 1636 949 1673 poenae
977 1637 1043 1674 pro
1057 1625 1268 1664 divinitatis
1288 1626 1427 1664 iniuria
1446 1627 1492 1664 N.

167 1688 448 1738 praeparantur]
466 1688 644 1736 parantur
659 1688 690 1724 T
714 1688 720 1736 Ι
746 1689 795 1726 20
810 1688 1006 1736 quorumC
1031 1689 1037 1736 Ι
1063 1690 1108 1726 21
1132 1689 1305 1739 luminis]
1322 1689 1493 1727 fulminis

166 1753 194 1788 0
210 1751 374 1789 numinis
390 1751 420 1787 T
445 1754 450 1799 Ι
477 1753 524 1788 22
541 1750 780 1801 imitabatur]
796 1751 1014 1789 minabatur
1032 1750 1072 1790 C.
1089 1751 1283 1804 Enceladi]
1303 1752 1493 1791 incheladi

162 1830 184 1852 α
207 1815 213 1866 Ι
240 1815 287 1853 23
318 1814 419 1866 quia]
447 1827 515 1853 om.
546 1814 604 1852 Να
628 1816 634 1864 Ι
659 1817 708 1853 25
740 1816 1025 1854 remunerantur
1052 1816 1122 1854 Να.
1153 1816 1204 1865 se]
1237 1829 1307 1854 om.
1340 1817 1378 1855 C.

269 1890 310 1927 p.
341 1880 422 1919 185.
480 1880 501 1917 1
531 1878 699 1927 Epistola
742 1879 932 1917 alexandri
961 1878 1002 1918 C.
1041 1879 1245 1929 Responsio
1288 1879 1494 1919 Alexandri

164 1943 292 1991 magni
324 1942 355 1979 N
383 1943 388 1991 Ι
414 1944 435 1980 2
467 1941 580 1993 nunc]
623 1955 692 1979 om.
722 1943 764 1980 T.
795 1943 947 1981 beatum
989 1944 1026 1981 te
1061 1944 1156 1981 dicis
1185 1944 1243 1981 Να
1267 1945 1272 1992 Ι
1298 1945 1321 1983 3
1352 1943 1493 1996 sedem]

167 2007 293 2043 sedere
323 2005 358 2042 N
383 2006 388 2053 Ι
414 2008 436 2042 4
465 2005 602 2055 exitus]
647 2006 841 2044 abscessus
871 2005 912 2044 C.
942 2006 1131 2055 indigenis
1160 2007 1327 2056 aperitur
1355 2007 1415 2045 Noc
1438 2008 1444 2056 Ι
1470 2009 1491 2045 5

165 2069 355 2121 appositae
384 2068 442 2106 Not
467 2068 471 2120 Ι
498 2070 519 2107 6
550 2068 772 2109 collaudatis
802 2070 836 2108 N
862 2072 867 2118 Ι
893 2071 915 2109 8
946 2068 1026 2123 vos]
1049 2083 1118 2110 om.
1139 2070 1198 2109 Na
1223 2070 1228 2121 Ι
1256 2071 1305 2110 10
1327 2072 1493 2111 arcentes

166 2135 227 2183 ΤΙ
257 2137 297 2171 11
331 2135 631 2171 consenescentes
661 2134 695 2171 N
720 2134 725 2182 Ι
755 2136 800 2172 12
830 2135 970 2185 vestra]
1001 2147 1068 2173 om.
1101 2134 1129 2173 C
1153 2136 1159 2184 Ι
1188 2136 1234 2173 13
1269 2135 1493 2174 interdictus

165 2201 207 2237 ut
243 2197 322 2236 illis
364 2198 420 2234 est
447 2196 481 2234 N
509 2196 733 2234 interdictus
775 2197 882 2235 utilis
929 2200 985 2236 est
1013 2213 1047 2236 α.
1077 2198 1184 2249 quos]
1226 2200 1324 2248 quod
1352 2199 1387 2237 N
1412 2202 1417 2247 Ι
1446 2202 1492 2238 15

163 2274 257 2312 quae
277 2261 471 2311 praecepta
492 2259 519 2297 C
543 2261 549 2308 Ι
579 2261 624 2298 18
645 2261 803 2311 vestras]
833 2274 902 2315 om.
923 2263 965 2300 T.
988 2263 1113 2311 potius
1131 2263 1301 2301 miserias
1321 2263 1388 2301 NT
1413 2270 1417 2309 Ι
1447 2265 1493 2302 19

164 2324 320 2377 proque]
350 2326 386 2363 et
414 2336 478 2374 pro
509 2323 536 2362 C
561 2324 566 2372 Ι
592 2324 641 2362 20
671 2324 789 2375 enim]
818 2338 888 2365 om.
920 2325 948 2364 C
974 2326 979 2376 Ι
1006 2328 1051 2365 21
1075 2326 1208 2377 liquet]
1230 2340 1298 2367 om.
1328 2327 1388 2365 Να
1412 2330 1417 2373 1
1444 2329 1493 2366 22

165 2389 272 2442 quid]
315 2388 494 2438 quicquid
535 2388 581 2426 N.
613 2399 704 2437 quos
734 2388 872 2441 noluit]
902 2402 971 2428 om.
1004 2391 1035 2428 T
1060 2391 1065 2440 Ι
1091 2392 1142 2428 24
1170 2391 1304 2429 statuit
1331 2392 1494 2440 perferre

165 2467 190 2491 α
213 2456 219 2503 Ι
244 2455 292 2493 25
336 2453 430 2492 falso
474 2451 649 2490 vocabulo
678 2451 737 2490 Na
761 2451 767 2501 Ι
792 2453 841 2491 26
872 2452 1013 2506 laudis]
1043 2467 1113 2493 om.
1143 2454 1189 2494 N.
1221 2455 1432 2505 exquiritur
1459 2470 1494 2495 α.

164 2518 367 2555 Nullarum
397 2516 425 2554 O
449 2518 454 2564 Ι
480 2518 526 2554 27
559 2516 742 2553 virtutum
771 2516 811 2554 C.
843 2518 948 2555 nasci
975 2518 1047 2557 Να.

267 2591 310 2630 p.
339 2582 422 2620 18⁶.
479 2581 499 2618 1
531 2579 612 2630 nec]
643 2579 706 2617 sed
736 2593 758 2616 α
782 2580 788 2628 Ι
813 2585 836 2619 2
866 2580 969 2633 ergo]
998 2582 1099 2620 enim
1119 2596 1142 2619 α
1166 2582 1171 2632 Ι
1197 2584 1220 2621 3
1253 2582 1345 2632 esse]
1367 2595 1436 2621 om.
1458 2583 1491 2620 N

162 2645 355 2694 confirmo]
384 2657 452 2681 om.
484 2644 512 2681 (ἲ
536 2646 542 2693 Ι
568 2646 589 2681 5
620 2642 701 2694 nec]
730 2654 803 2680 non
832 2644 866 2681 N
891 2645 897 2693 Ι
923 2645 945 2681 7
966 2645 1158 2698 arborum]
1178 2658 1249 2685 om.
1273 2645 1318 2683 N.
1341 2646 1489 2684 arbores
