1737 2989
94 269 324 310 Musonium,
359 265 585 315 Epictetum,
614 264 715 301 hunc
742 261 845 299 τόπον
874 273 953 300 esse
982 260 1151 312 διατριβῆς
1179 259 1421 299 demonstrat.

92 332 254 373 Disserit
295 331 340 368 de
368 330 438 368 hac
465 339 504 366 re
534 328 648 365 etiam
694 326 738 363 Ε.
766 326 910 374 Bickel,
957 325 1128 364 Diatribe
1174 325 1213 362 in
1264 323 1422 362 Senecae

89 394 301 447 philosophi
321 391 532 442 fragmenta
549 392 660 428 1915.
692 402 728 438 p.
751 390 837 428 180.
871 389 1033 437 „Differt
1052 390 1133 448 stoa
1152 389 1199 426 ab
1218 387 1421 430 Aristotele

91 460 280 505 suadente,
322 463 365 495 ut
407 454 673 494 adhibeantur
699 453 866 491 abortiva
912 453 982 491 sub
1028 452 1244 492 condicione
1281 451 1418 489 certa.“

89 523 223 571 (Zeller
242 519 339 559 112³
359 533 392 568 p.
416 520 506 565 731)
526 517 612 555 Toti
631 518 753 567 astoa
773 518 873 555 stant
900 517 1111 564 christiani,
1133 517 1175 554 ut
1194 515 1418 553 Tertullian.

89 587 134 625 de
163 586 241 624 exh.
272 585 362 622 cast.
395 583 453 628 12,
484 581 530 618 ad
559 592 658 618 uxor.
689 580 708 618 Ι
737 582 758 618 5
789 581 857 619 etc.

198 661 377 705 l74‚20-24
427 656 566 701 „Arma
608 667 680 692 non
726 655 922 702 sumimus,
965 655 1065 693 bella
1093 667 1165 693 non
1197 655 1418 706 gerimuS.“]

90 722 283 763 Sententia
311 719 481 770 sequitur
509 730 552 757 ex
581 718 627 756 iis
658 729 752 767 quae
781 719 826 756 de
856 718 1014 757 avaritia
1042 719 1142 757 dicta
1168 720 1267 758 sunt.
1325 720 1421 768 „Die

90 789 345 834 Verbannung
374 785 438 822 des
468 782 644 821 Strebens
674 783 768 821 nach
798 783 923 821 Besitz
943 784 1018 821 und
1040 783 1164 821 Ehren
1184 786 1308 822 raumt
1327 785 1420 822 eben

90 852 149 889 die
198 847 461 898 Gegenstande
503 847 663 895 hinweg,
705 858 770 884 um
812 846 1069 900 derentwillen
1113 847 1174 885 die
1217 847 1421 885 Menschen

90 915 266 955 einander
308 924 353 950 zu
397 911 579 950 befehden
609 911 793 960 pflege11.“
852 902 1064 960 (Gomperz,
1094 910 1242 949 Griech.
1273 910 1422 949 Denker

88 978 143 1016 112
171 990 207 1026 p.
240 978 330 1022 133)
359 974 511 1012 Bellum
540 986 561 1011 a
590 973 740 1022 Cynicis
770 985 842 1011 non
873 974 1024 1022 probari
1052 974 1151 1025 inter
1179 985 1306 1011 omnes
1335 984 1421 1011 con·

81 1043 172 1087 stat.
229 1039 345 1088 (Phil.
374 1038 419 1076 de
449 1037 588 1075 Abrah.
619 1038 656 1085 3,
685 1036 842 1086 Epictet.
873 1036 962 1075 diss.
993 1037 1030 1075 II
1061 1038 1183 1085 22,28;
1222 1036 1332 1087 Diog.
1362 1049 1419 1086 ep.

90 1107 156 1149 ’2ος
187 1104 269 1142 Sen.
292 1115 349 1151 ep.
370 1104 469 1146 95,³0
490 1113 570 1150 sq.;
601 1100 811 1139 Wendland
833 1113 869 1149 p.
891 1101 962 1146 38;
992 1101 1255 1144 Preisendanz.
1282 1100 1420 1139 Philol.

89 1168 134 1208 N.
158 1168 196 1205 F.
227 1168 273 1205 21
306 1179 341 1215 p.
376 1167 478 1213 101.)

198 1244 321 1289 174,24
351 1241 430 1289 „De
460 1240 548 1278 fatis
568 1240 665 1278 nihil
686 1240 953 1290 quaerimus.“]
995 1240 1160 1279 Kuebler
1180 1240 1312 1278 scribit
1331 1252 1417 1279 cum

89 1306 194 1344 codd.
225 1305 287 1343 PV
321 1305 572 1354 „querimur.“
635 1303 816 1353 Equidem
846 1315 930 1342 cnm
960 1303 1121 1342 LRENT
1150 1304 1211 1351 (cf.
1242 1305 1420 1353 append.)

90 1369 249 1406 scribam
296 1368 572 1416 „quaerimus.“
646 1367 725 1405 Hoc
767 1368 867 1405 enim
896 1367 975 1405 loco
1004 1367 1207 1405 Dindimus
1237 1367 1419 1421 vaticina—

88 1433 228 1470 tionem
257 1432 526 1480 reprehendere
555 1430 714 1479 videtur,
744 1430 785 1468 id
813 1430 911 1480 quod
942 1429 1072 1480 Cynici
1102 1442 1211 1481 saepe
1239 1431 1418 1470 fecerunt.

91 1495 228 1544 (Zeller
255 1495 292 1533 II
316 1495 354 1533 1⁴
382 1508 419 1545 p.
449 1495 543 1542 3303
573 1494 697 1540 Helm,
725 1494 872 1532 Lukian
900 1494 978 1532 und
999 1494 1153 1543 Menipp
1173 1507 1209 1543 p.
1229 1495 1303 1533 123
1323 1497 1422 1544 sqq.)

198 1571 319 1616 174‚2·.·
350 1568 421 1619 sq.]
466 1569 675 1607 Senectutis
705 1568 960 1606 laudationem
989 1567 1091 1605 τόπον
1120 1580 1198 1606 esse
1226 1569 1420 1618 popularis

90 1632 347 1681 philosophiae
363 1634 519 1670 constat.
549 1632 641 1679 (Cic.
659 1631 739 1680 Cat.
757 1632 808 1670 M.
825 1643 937 1681 pass,
954 1632 1086 1672 Liban.
1103 1645 1154 1671 or.
1163 1632 1215 1669 IV
1234 1635 1345 1681 lsqq.
1362 1632 1421 1681 F.)

199 1706 501 1756 174,28—175,4]
537 1706 745 1755 Sepulchra
778 1706 967 1744 luxuriose
995 1707 1125 1744 ornata
1153 1707 1291 1745 iterum
1320 1706 1419 1745 vitu-

90 1772 264 1817 perantur
292 1773 343 1817 (v.
374 1771 419 1819 ad
441 1783 476 1819 p.
504 1772 622 1819 174,1)
645 1793 693 1799 -
713 1783 748 1820 p.
770 1772 875 1818 175‚3
905 1769 1037 1809 Graeci
1066 1772 1301 1817 accusantur,
1322 1772 1419 1821 quod

90 1844 239 1880 corpora
267 1835 500 1872 mortuorum
529 1836 776 1872 concrement.
831 1835 937 1872 Hanc
964 1834 1116 1883 quidem
1145 1835 1370 1872 sententiam
1399 1846 1420 1872 a

92 1894 302 1935 Christiano
345 1897 422 1935 sive
451 1898 601 1936 Iudaeo-
619 1899 769 1936 auctore
797 1894 977 1947 sc'riptam
1007 1909 1087 1936 esse
1117 1909 1257 1943 cense0.
1314 1898 1421 1936 Hanc

90 1958 188 1995 enim
219 1970 335 2008 neque
365 1960 494 2010 Cynici
523 1961 730 2011 nequealii
750 1961 975 2000 Graecorum
995 1961 1208 2011 philosophi
1231 1962 1420 2007 dicebant,

90 2022 152 2058 sed
182 2021 386 2061 Christiani
415 2026 452 2062 et-
479 2025 622 2063 Iudaei.
664 2025 716 2072 (J.
739 2024 898 2069 Grimm,
928 2024 1024 2063 Abh.
1054 2025 1153 2063 Berl.
1175 2025 1293 2063 Akad.
1318 2025 1418 2063 1849

90 2095 125 2131 p.
161 2086 248 2132 197)
276 2086 499 2126 Tertullian.
530 2088 575 2127 de
603 2100 675 2127 cor.
705 2088 817 2127 milit.
838 2091 904 2126 11:
938 2090 998 2137 „et
1026 2088 1254 2127 cremabitur
1281 2100 1323 2127 ex
1342 2088 1421 2127 dis-

90 2146 229 2195 ciplina
270 2151 450 2189 castrensi
494 2151 743 2197 Christianus,
786 2152 847 2190 cui
890 2163 1052 2190 cremare
1081 2163 1155 2190 non
1192 2151 1313 2197 licuit,
1360 2153 1421 2190 cui

91 2208 260 2249 Christus
290 2215 424 2252 merita
455 2215 555 2264 ignis
586 2215 784 2256 indulsit.“
843 2215 897 2254 Id.
930 2215 974 2253 de
1003 2227 1138 2254 resurr.
1162 2227 1261 2254 carn.
1286 2219 1325 2254 l:
1360 2218 1422 2265 „at

89 2284 157 2322 ego
198 2276 320 2325 magis
358 2277 487 2316 ridebo
517 2280 654 2327 vulgus
683 2281 774 2317 tunc
805 2291 952 2328 quoque
982 2291 1067 2317 cum
1096 2279 1196 2327 ipsos
1227 2279 1420 2317 defunctos

89 2337 318 2377 atrocissime
347 2342 480 2390 exurit,
512 2355 603 2392 quos
633 2343 872 2392 postmodum
902 2343 1140 2393 gulosissime
1176 2343 1309 2391 nutrit,
1352 2343 1419 2380 iis-

90 2400 173 2437 dem
204 2401 356 2450 ignibus
374 2406 424 2442 -et
452 2417 666 2454 promerens
695 2408 732 2444 et
760 2406 989 2445 offendens.“
1023 2428 1071 2435 —
1101 2408 1196 2448 Tae..
1217 2407 1303 2445 hist.
1335 2407 1367 2443 V
1397 2408 1418 2442 5

89 2463 181 2500 dicit
222 2464 378 2504 Iudaeos
425 2480 600 2518 „corpora
629 2470 784 2508 condere
814 2481 928 2519 quam
957 2481 1131 2515 cremare,
1171 2482 1189 2507 e
1219 2480 1319 2508 more
1349 2470 1420 2507 Ae-

89 2527 253 2575 gypti0.“
311 2528 477 2577 (Grimm
506 2533 530 2570 l.
561 2533 584 2570 l.
619 2547 652 2582 p.
685 2535 773 2580 207,
805 2533 910 2584 546).
