1737 2989
681 181 942 217 -25-

144 308 440 355 Bragmanorum
483 306 602 344 vincit
646 318 707 344 vos
752 308 791 344 in
821 307 1007 354 omnibus,
1039 306 1138 355 quia,
1169 307 1266 344 sicut
1295 317 1359 343 nos
1389 291 1474 343 con-

144 370 364 417 sideramus,
408 369 477 408 illa
519 371 637 408 mater
666 382 728 409 vos
757 370 901 421 genuit,
946 382 1040 420 quae
1068 371 1105 409 et
1133 370 1276 420 lapides
1306 370 1473 420 genuit.“

143 436 244 473 Haec
286 435 407 472 dicere
450 435 627 472 videntur
671 435 823 472 divitias
867 437 922 481 (=
945 437 1094 481 aurum)
1133 446 1174 472 ex
1202 435 1330 473 eadem
1359 435 1477 471 matre

143 499 248 536 natas
295 510 366 535 non
412 498 532 547 pluris
576 498 826 536 aestimandas
856 510 935 536 esse
964 509 1077 546 quam
1105 498 1262 547 lapides.
1320 498 1477 546 (Kroll.)

257 562 361 609 176,ε
391 561 489 610 sqq.]
534 561 764 610 Bragmanos
802 573 881 599 esse
910 560 1116 611 μακροβίους
1144 562 1181 598 et
1209 561 1348 610 optima
1378 561 1490 598 vale-'

144 626 275 664 tudine
291 624 349 663 uti
363 624 476 663 multi
492 625 688 675 scriptores
707 627 963 664 narraverunt.
994 624 1166 673 (Wecker
1181 625 1262 662 PW
1276 625 1330 662 IX
1349 625 1477 672 1304).

252 687 448 739 176,14-24]
478 688 574 726 Ludi
603 692 639 726 et
671 690 884 737 „scaenicae
912 688 1192 735 turpitudines“
1231 689 1475 737 castigantur.

144 753 249 803 (coll.
270 752 307 790 II
337 765 372 802 p.
398 752 493 801 13,32
524 752 637 791 habet
655 753 802 801 „nullos
818 753 915 791 iocos
932 753 1140 800 amamus“,
1162 751 1260 802 quod
1280 753 1476 791 consuetu-

144 818 227 857 dini
247 818 363 855 medii
384 819 463 855 aevi
485 819 702 866 respondet:
733 818 912 856 ioculator
933 829 972 844 =
994 817 1173 867 jongleur
1196 816 1474 866 „Spielmann.“

144 883 275 931 Roger.
306 881 495 919 Hoveden.
527 882 563 918 in
595 882 752 919 Ricardo
782 882 819 919 I:
852 883 911 930 „et
941 881 985 918 de
1006 893 1119 931 regno
1142 880 1368 919 Francorum
1390 892 1476 919 can—

143 950 239 985 tores
269 947 305 983 et
332 945 550 984 ioculatores
581 947 798 984 muneribus
823 946 1036 984 allexerat.“
1058 967 1105 973 -
1125 946 1186 983 Du
1207 945 1344 994 Gange,
1367 945 1476 983 Glos-

146 1022 214 1046 sar.
244 1010 302 1046 111
330 1021 367 1056 p.
389 1009 494 1055 896.)

250 1071 374 1111 Ludos
417 1072 553 1122 populo
595 1072 819 1121 perniciosos
865 1083 943 1110 esse
972 1084 1044 1110 non
1074 1072 1183 1111 modo
1215 1071 1345 1122 Cynici
1376 1073 1474 1111 dice-

145 1139 247 1185 bant,
292 1137 357 1185 qui
399 1138 473 1174 iam
517 1137 663 1185 pridem
706 1136 864 1174 athletas
911 1136 1224 1186 vituperaverant,
1265 1138 1330 1175 sed
1363 1138 1476 1175 etiam

146 1202 272 1240 Stoici.
315 1200 480 1249 (Capelle
510 1212 545 1249 p.
563 1202 628 1248 41,
658 1199 869 1237 Wendland
899 1213 935 1249 p.
958 1202 1019 1248 41,
1050 1200 1244 1238 Geffcken1
1273 1213 1307 1249 p.
1331 1202 1393 1248 22,
1414 1202 1477 1248 68,

149 1266 220 1303 102
251 1276 326 1313 sq.,.
364 1263 548 1310 Sudhaus,
593 1263 713 1301 Aetna
754 1276 788 1312 p.
824 1264 893 1301 101
927 1275 995 1313 sq„
1043 1265 1143 1312 109).
1207 1265 1366 1302 Maxime
1395 1265 1476 1303 ludi

145 1329 417 1378 vituperantur,
461 1328 526 1376 qui
564 1328 706 1365 animos
737 1328 986 1376 spectatorum
1017 1329 1204 1366 concitent
1233 1331 1268 1366 et
1299 1329 1475 1376 „mulier-

146 1393 240 1431 culis
269 1392 492 1440 puerisque“
524 1395 703 1429 terrorem
733 1391 902 1429 iniciant.
976 1392 1069 1440 (Cic.
1098 1392 1208 1430 Tusc.
1238 1393 1255 1429 I
1285 1395 1356 1439 5,1o
1386 1403 1478 1440 sqq.,

147 1458 191 1494 de
221 1456 299 1494 div.
328 1455 345 1493 l
375 1456 491 1502 3⁴2,‹;s;
522 1454 605 1493 Sen.
637 1467 692 1504 ep.
724 1456 801 1503 7,2;
832 1456 949 1503 90,45;
982 1457 1106 1504 95,ss).
1164 1455 1368 1505 Epicurum
1411 1457 1479 1494 hoc

147 1521 308 1557 voluisse
337 1521 520 1556 monstrat
549 1518 644 1556 Sext.
677 1510 758 1557 adv.
789 1520 905 1557 math.
936 1520 953 1556 I
983 1521 1073 1557 298.
1104 1520 1151 1557 cf.
1182 1520 1313 1558 Manil.
1343 1520 1380 1559 Il
1410 1522 1477 1558 37:

274 1594 432 1633 quorum
460 1583 688 1621 carminibus
719 1582 817 1621 nihil
848 1586 904 1621 est
932 1584 1005 1621 nisi
1033 1583 1161 1622 fabula
1190 1584 1346 1632 caelum,

274 1650 446 1695 terraque
477 1647 687 1695 composuit
716 1647 873 1694 caelum,
903 1659 997 1695 quae
1026 1648 1164 1695 pendet
1192 1648 1237 1684 ab
1266 1649 1344 1685 illc.

254 1710 447 1759 Imprimis
492 1721 585 1759 quae
624 1710 668 1747 de
697 1722 780 1747 orco
808 1711 938 1759 poetae
967 1709 1210 1758 tradiderant,
1241 1710 1477 1760 castigaban-

152 1778 229 1812 tur.
292 1774 439 1822 (Manil.
470 1774 507 1811 II
536 1775 584 1812 46
615 1786 708 1823 sqq.,
757 1774 855 1812 Sext.
886 1774 966 1811 adv.
997 1773 1102 1823 phys.
1123 1775 1141 1812 Ι
1172 1776 1341 1822 71-74)
1369 1774 1477 1812 Chri-

150 1839 264 1877 stiani
305 1839 371 1876 has
415 1837 686 1887 disputationes
729 1849 801 1875 non
831 1838 1128 1876 intermiserunt.
1198 1838 1252 1876 De
1287 1838 1402 1876 mimo
1440 1842 1476 1876 et

149 1903 379 1951 pantomimo
409 1903 639 1951 scripserunt
668 1903 805 1940 Arnob.
827 1902 878 1940 IV
898 1902 961 1950 35,
991 1902 1137 1940 Tatian.
1162 1904 1225 1949 22,
1254 1903 1478 1942 Tertullian.

149 1968 244 2014 apol.
280 1968 337 2014 15,
382 1967 428 2003 ad
471 1967 545 2005 nat.
576 1966 606 2003 1.
636 1965 850 2014 (Geffcken2
883 1978 918 2014 p.
953 1967 1037 2012 107,
1069 1966 1187 2010 Kroll,
1218 1966 1349 2004 Rhein.
1381 1966 1478 2005 Mus.

150 2030 197 2066 72
230 2042 264 2078 p.
297 2032 374 2077 76.)

259 2095 381 2141 176,24
410 2092 507 2143 sqq]
550 2093 799 2142 Philosophus
842 2093 995 2141 quidem
1031 2093 1240 2131 admiratur
1269 2094 1481 2142 spectacula

150 2158 315 2194 naturae.
373 2156 418 2195 cf.
449 2156 580 2194 Manil.
612 2156 648 2193 II
679 2158 727 2194 60
758 2168 837 2206 sqq.

276 2233 437 2270 namque
465 2232 597 2259 canam
627 2221 743 2258 tacita
771 2222 926 2259 naturae
954 2222 1079 2258 mente
1109 2222 1298 2269 potentem

277 2285 519 2333 infusumque
549 2285 658 2322 deum
688 2284 789 2322 caelo
818 2284 1002 2333 terrisque
1031 2284 1199 2334 fretoque

277 2348 471 2397 ingentem
501 2348 649 2397 aequali
678 2339 935 2386 moderantem
962 2349 1107 2386 foedere
1136 2349 1284 2395 molem,

278 2412 472 2461 totumque
502 2412 645 2449 alterno
675 2422 856 2449 consensu
883 2411 1007 2450 vivere
1036 2412 1219 2449 mundum

280 2476 316 2512 et
344 2475 501 2513 rationis
532 2476 594 2524 agi
623 2477 740 2523 motu,
769 2487 855 2513 cum
884 2476 1041 2524 spiritus
1070 2487 1167 2513 unus

277 2550 342 2586 per
370 2540 522 2583 cunctas
551 2538 697 2577 habitet
727 2539 850 2587 partes
879 2539 994 2587 atque
1023 2538 1155 2588 irriget
1184 2540 1310 2577 orbem

277 2603 402 2640 omnia
429 2603 660 2652 pervolitans
690 2614 897 2651 corpusque
929 2603 1092 2640 animale
1121 2602 1258 2651 figuret
1288 2631 1297 2641 .
1327 2633 1335 2639 .
1367 2632 1374 2639 .
