1737 2989
688 157 950 217 ÷1sa

156 288 326 327 Similem
369 289 492 328 locum
537 287 696 337 reperire
739 299 809 326 non
853 287 969 336 potui.
1028 285 1103 324 Sed
1129 286 1173 323 ab
1204 285 1273 323 hac
1302 284 1487 342 sententia

159 365 229 390 non
274 353 437 390 multum
481 352 630 390 differre
671 352 819 389 videtur
853 352 953 389 Plut.
991 361 1114 399 quom.
1145 350 1242 388 adol.
1274 350 1370 397 poet.
1400 349 1484 386 aud.

157 417 239 454 deb.
272 418 293 454 6
314 429 353 443 =
376 417 390 453 I
419 429 454 465 p.
486 418 566 464 59,8
594 416 703 454 Bern.
733 416 811 456 τοὺς
829 415 1025 455 πλουσίους.
1044 444 1053 452 .
1071 414 1186 452 ,ὤνιον
1205 412 1306 453 εὐθὺς
1325 412 1486 462 ἀργυρίου

153 481 213 528 τὴν
242 480 366 528 ἀρετὴν
395 479 546 529 ἔχοντας.
603 481 733 527 (Elter,
764 481 818 516 De
847 479 1060 527 gnomolog.
1093 477 1220 514 Graec.
1252 477 1340 513 hist.
1376 477 1487 524 atque

152 544 245 593 orig.
275 556 398 593 progr.
430 544 546 582 Bonn.
582 543 679 582 1893
710 556 744 593 p.
776 545 855 591 45.)

261 610 384 655 172,11
415 621 470 657 sq.
517 608 723 656 „Laborem
750 619 825 644 non
854 618 1077 651 exercemus,
1122 607 1186 655 qui
1216 606 1337 642 nutrit
1364 604 1487 642 avari-

152 673 257 720 tiam,
288 673 544 723 otiumturpe
572 671 790 721 vitamus.“]
850 671 1018 709 Knebler
1046 670 1194 708 scribit:
1231 670 1349 707 otium
1379 670 1489 718 turpe

152 739 240 775 dum
272 738 446 785 vitamus,
477 738 616 775 Becker
646 749 768 786 progr.
798 749 834 785 p.
865 737 913 773 27
944 747 1029 773 cum
1059 736 1138 773 cod.
1159 735 1208 773 L:
1239 735 1358 772 otium
1377 735 1487 782 turpe

156 802 331 839 vitamus.
362 802 424 848 (cf.
456 802 631 850 append.)
689 800 895 838 Beckerum
927 810 1145 848 sequamur;
1175 809 1261 836 nam
1292 798 1359 836 hoc
1378 798 1488 835 modo

154 867 250 903 bona
279 866 449 903 clausula
478 866 656 903 servatur.
706 888 742 892 —
795 863 926 913 Cynici
962 874 1046 901 cum
1075 862 1348 912 φιλοχρηματίαν
1378 862 1489 900 casti-

155 932 297 978 garent,
327 928 427 965 πόνον
453 929 710 967 laudaverunt.
753 926 965 977 Αὐτουργίαν
986 927 1147 965 maxime
1167 925 1486 976 praedicaverunt.

155 993 369 1039 (Praechter
397 994 422 1033 1.
453 980 543 1042 1.‘p.
574 994 642 1040 643
673 991 859 1031 oerhardt
887 992 913 1030 1.
944 992 969 1029 1.
1000 1000 1035 1040 pc
1067 992 1144 1038 48).

266 1059 388 1105 17⁵2,12
418 1069 497 1106 sqq.
532 1057 725 1103 „Libidini
754 1056 923 1094 membra
943 1055 1177 1093 debilitanda
1197 1066 1268 1092 non
1289 1054 1486 1093 tradimus.

155 1122 270 1159 Nocte
313 1133 384 1158 non
428 1121 572 1158 utimur
614 1121 660 1158 ad
689 1120 851 1169 tegenda
878 1119 1080 1169 flagitia.“]
1149 1118 1321 1166 „Sufficit
1350 1119 1488 1156 dixisse

155 1185 253 1222 hunc
283 1196 457 1232 amorem,
487 1185 615 1233 φαῦλον
646 1184 728 1222 dico
750 1186 786 1221 et
808 1183 1068 1230 libidinosum,
1099 1184 1145 1221 ab
1167 1182 1342 1220 omnibus
1362 1181 1485 1231 philo-

156 1251 295 1300 sophis
324 1251 421 1288 inter
463 1251 760 1300 perturbationes
789 1250 906 1288 animi
937 1252 1174 1289 numeratum
1204 1252 1241 1288 et
1270 1262 1290 1288 a
1320 1250 1488 1299 sapiente

155 1315 317 1352 alienum
364 1315 533 1352 habitum
580 1315 695 1351 esse.“
763 1313 941 1363 (Norden,
970 1314 1102 1353 Jahrb.
1134 1315 1157 1352 f.
1188 1313 1328 1352 Philol.
1359 1313 1486 1363 Suppl.

161 1381 204 1415 18
235 1391 269 1427 p.
301 1378 405 1424 386).
704 1422 713 1431 .

263 1442 335 1479 Sed
364 1454 466 1479 amor
495 1443 573 1490 ipse
606 1453 626 1479 a
656 1441 808 1490 Cynicis
840 1442 999 1480 dedecus
1028 1454 1100 1479 non
1122 1442 1348 1480 nominatur.
1389 1441 1488 1487 Quin

156 1505 268 1542 etiam
299 1505 542 1542 Antisthenes
572 1506 702 1549 suasit,
739 1505 910 1553 „quando
940 1517 1072 1553 corpus
1101 1505 1155 1543 rei
1184 1516 1359 1542 venereae
1387 1504 1485 1542 indi-

155 1570 271 1615 geret,
314 1571 356 1606 ut
399 1569 610 1606 meretrices
652 1569 853 1616 adiremus,
898 1569 1036 1618 quippe
1078 1581 1163 1606 cum
1207 1569 1343 1606 melius
1373 1570 1482 1615 esset,

158 1644 241 1668 cum
285 1631 362 1669 illis
411 1643 475 1669 nos
524 1632 740 1678 concubare,
787 1643 898 1681 quam
942 1632 1078 1669 amoris
1122 1644 1232 1669 causa.
1270 1632 1411 1670 labores
1447 1643 1489 1669 ac

156 1696 321 1744 pericula
351 1697 537 1745 suscipere
566 1695 692 1745 itaque
721 1696 924 1745 prohiberi,
955 1697 1154 1748 quominus
1175 1696 1318 1734 animos
1347 1696 1392 1734 ad
1415 1697 1486 1734 vir—

155 1761 274 1797 tutem
304 1760 620 1798 intenderemus.“
680 1760 929 1809 (Rossbroich,
960 1761 1015 1798 De
1035 1761 1367 1809 Ps.-Phocylideis‚
1398 1761 1486 1798 diss.

156 1823 314 1861 Monast.
352 1824 449 1861 1910
478 1836 513 1872 p.
546 1825 617 1873 533
655 1823 840 1861 Gerhardt
868 1825 893 1861 l.
926 1825 950 1861 1.
981 1837 1014 1873 p.
1047 1827 1127 1872 45.)

269 1889 391 1933 17⁸2‚14
420 1899 498 1935 sqq.
533 1888 667 1935 „Nefas
697 1889 752 1925 est
773 1889 869 1936 apud
892 1900 957 1925 nos
977 1889 1067 1937 iuga
1086 1889 1271 1931 montium
1295 1889 1489 1926 vulnerare

160 1949 334 1987 dentibus
351 1950 409 1987 vel
427 1962 639 1999 camporum
659 1950 817 1988 nitorem
834 1950 957 1998 rigare
986 1952 1198 1990 vomeribus
1220 1954 1284 1989 aut
1304 1952 1488 2001 gementi-

158 2014 228 2050 bus
271 2015 390 2051 tauris
420 2014 616 2053 stridentia
643 2015 810 2063 plaustra
839 2016 1121 2065 subiungere.“]
1183 2015 1332 2054 Similia
1360 2015 1490 2065 Cynici

158 2076 363 2115 docuerunt
392 2079 436 2115 de
467 2078 612 2116 saeculo
641 2090 751 2116 aureo
780 2079 1014 2116 disserentes.
1076 2080 1153 2128 (W.
1177 2080 1312 2128 Meyer,
1344 2079 1489 2117 Laudes

157 2140 301 2190 inopiae
331 2142 420 2180 diss.
445 2141 615 2191 Gotting.
643 2144 739 2180 1915
770 2154 806 2191 p.
824 2143 903 2190 21).
934 2143 979 2181 cf.
1002 2142 1112 2192 Verg.
1134 2154 1231 2192 geor.
1255 2144 1271 2181 I
1291 2143 1363 2181 125
1386 2155 1488 2193 sqq.:

284 2206 369 2243 ante
398 2206 527 2244 Jovem
558 2206 655 2244 nulli
685 2206 910 2256 subigebant
938 2218 1026 2244 arva
1055 2207 1186 2245 coloni.

283 2280 328 2306 ne
358 2268 508 2317 signare
537 2269 688 2319 quidem
718 2271 782 2308 aut
811 2269 943 2319 partiri
973 2269 1095 2307 limite
1124 2281 1298 2319 campum

282 2332 337 2370 fas
367 2334 465 2370 erat:
496 2334 532 2370 in
564 2333 730 2372 medium
761 2334 989 2383 quaerebant
1017 2334 1209 2384 ipsaque
1237 2334 1383 2372 tellus

281 2396 430 2433 omnia
458 2397 673 2444 liberius,
704 2398 833 2448 nullo
863 2400 1093 2446 poscente,
1124 2399 1317 2436 ferebat.

261 2457 367 2504 Quod
398 2460 589 2509 Vergilius
618 2461 763 2499 invenit
791 2461 890 2510 apud
919 2461 1124 2499 Hesiodum
1154 2464 1227 2511 (op.
1261 2463 1368 2508 117):

280 2522 407 2570 καρπὸν
435 2522 466 2560 δ’
497 2522 601 2572 ἔφερε
630 2524 792 2573 ζείδωρος
820 2524 949 2573 ἄρουρα

284 2584 472 2633 αὐτομάτη,
501 2586 623 2622 πολλόν
652 2600 689 2622 τε
718 2588 773 2623 καὶ
802 2587 966 2637 ἄφθονον.
1023 2589 1168 2637 (Meyer
1197 2589 1220 2625 l.
1254 2590 1277 2624 l.
1307 2602 1341 2637 p.
1375 2592 1454 2636 54.)

1237 2661 1275 2694 2.
