1737 2989
252 307 356 354 baut,
386 306 493 344 humi
516 307 765 354 dormiebant,
786 318 907 355 oryza,
929 307 1104 355 oleribus,
1124 307 1314 345 radicibus
1334 308 1587 346 vescebantur.

253 369 327 416 Qui
355 381 376 407 a
404 369 597 419 magistris
638 370 777 408 eruditi
820 371 938 418 erant,
982 371 1029 408 ad
1073 370 1278 408 familiares
1307 370 1444 407 reversi
1472 370 1588 408 vitam

252 434 373 471 multo
402 434 614 473 liberiorem
645 436 807 484 agebant
826 435 864 472 et
884 446 1012 473 eorum
1031 436 1179 473 tanturn
1199 434 1420 473 animalium
1441 446 1588 473 carnem

255 509 326 535 non
358 499 530 546 edebant,
566 511 659 547 quae
688 499 857 536 homines
888 499 1013 536 labore
1043 500 1233 546 iuvabant,
1264 498 1327 536 sed
1357 499 1440 536 cibo
1469 498 1589 535 calido

252 564 287 599 et
316 562 464 600 condito
489 574 527 600 se
549 563 800 601 abstinebant.
840 561 995 613 Ὓλόβιοι
1015 563 1053 600 in
1074 563 1180 601 silvis
1200 563 1434 609 habitabant,
1467 563 1589 600 herbis

251 626 463 675 agrestibus
492 627 700 674 alebantur,
731 637 866 676 aquam
886 627 1066 665 bibebant
1087 627 1191 664 nullo
1211 626 1342 675 poculo
1363 626 1433 673 usi,
1456 626 1590 663 cortice

251 690 425 728 arborum
456 692 513 728 vel
544 690 716 729 ‘valkala'
747 692 1012 730 vestiebantur.
1062 693 1122 737 (tr.
1154 692 1205 728 40
1234 704 1269 739 p.
1301 691 1376 728 436
1406 691 1439 728 b.
1463 690 1509 728 fr.
1540 691 1585 728 41,

250 766 285 802 p.
317 754 445 800 4372.)
1314 747 1317 749 ’

357 817 563 866 Scriptores
584 819 705 856 aetate
724 819 943 867 posteriores
968 818 1032 867 qui
1048 819 1094 856 de
1109 818 1333 868 Bragmanis
1349 818 1588 867 scripserunt,

251 882 390 919 Lassen
419 882 475 919 III
518 895 554 931 p.
585 882 662 919 354
692 894 746 931 sq.
791 884 982 919 enumerat
1020 882 1273 919 Alexandrum
1304 881 1588 930 Polyhistorem,

250 944 536 993 Philostratum,
567 945 831 992 Bardesanem,
862 945 1087 983 Palladium.

358 1009 653 1048 Alexander
681 1009 990 1058 Polyhistor
1019 1008 1177 1047 tradidit
1208 1009 1438 1057 Bragmanos
1468 1010 1590 1047 carni-

251 1073 321 1110 bus
351 1074 389 1110 et
418 1073 502 1110 vino
531 1084 570 1110 se
598 1073 797 1111 abstinere.
855 1073 957 1110 Alios
987 1073 1149 1121 singulis
1179 1072 1325 1120 diebus,
1355 1073 1447 1110 alios
1477 1074 1588 1110 tertio

252 1148 400 1186 quoque
430 1137 489 1174 die
519 1137 644 1174 cibum
673 1148 814 1186 capere.
863 1137 1022 1174 Mortem
1052 1148 1112 1175 eos
1142 1137 1376 1174 contemnere
1397 1136 1588 1185 vitamque

251 1212 317 1249 pro
347 1200 466 1238 nihilo
496 1201 640 1238 ducere.
699 1199 772 1246 Qui
801 1202 847 1238 ab
877 1200 981 1238 Indis
1009 1201 1126 1248 σεμνοί
1153 1202 1339 1247 vocentur,
1381 1212 1446 1248 per
1474 1202 1589 1238 totam

251 1265 367 1302 vitam
410 1264 530 1302 nudos
574 1265 708 1302 vivere.
765 1264 925 1302 Veritati
968 1264 1033 1302 hos
1078 1276 1115 1302 se
1166 1264 1313 1302 dedisse
1342 1265 1378 1301 et
1407 1265 1452 1302 de
1481 1266 1590 1302 rebus

253 1328 391 1365 futuris
421 1327 678 1365 sollicitudine
707 1339 779 1365 non
799 1327 951 1365 affectos
972 1317 1062 1365 esse.
1106 1326 1224 1374 (FHG
1240 1328 1295 1365 III
1311 1339 1345 1375 p.
1366 1328 1441 1365 236
1457 1327 1502 1365 fr.
1521 1330 1590 1368 95:

254 1390 391 1429 Lassen
421 1390 473 1428 111
502 1403 536 1440 p.
569 1391 675 1438 356.)
1564 1405 1567 1407 ·

358 1455 638 1494 Philostrati
668 1456 944 1494 narrationibus
966 1456 1046 1503 (vit.
1069 1455 1191 1505 Apoll.
1213 1455 1269 1493 ΙΙΙ
1289 1456 1457 1505 13-49)
1480 1456 1590 1494 fidem

251 1520 462 1557 habendam
482 1531 554 1557 non
575 1530 654 1557 esse
675 1520 772 1557 inter
795 1530 922 1556 omnes
944 1520 1088 1556 constat
1142 1519 1295 1565 (Lassen
1316 1519 1372 1557 III
1392 1532 1427 1568 p.
1451 1520 1588 1567 358.)¹)

251 1582 301 1620 Ut
329 1582 551 1632 Apollonius
593 1583 632 1620 in
675 1582 840 1620 oratione
881 1583 979 1631 apud
1010 1582 1213 1631 Aegyptios
1242 1583 1371 1620 habita
1401 1584 1590 1620 ret-tulisse

252 1646 390 1684 dicitur
418 1647 650 1695 Bragmanos
696 1647 734 1684 in
777 1648 877 1684 terra
920 1647 956 1683 et
999 1646 1112 1684 simul
1141 1658 1213 1684 non
1245 1646 1281 1683 in
1312 1648 1410 1684 terra
1439 1648 1588 1693 morari,

252 1711 447 1748 moenibus
491 1722 562 1747 non
602 1712 694 1760 tegi,
737 1711 862 1748 nullas
907 1711 943 1747 et
973 1721 1099 1747 omnes
1128 1721 1185 1747 res
1215 1711 1405 1758 possidere
1436 1712 1479 1760 (c.
1499 1713 1589 1757 lb).

258 1773 408 1810 Victum
438 1773 531 1811 dicit
559 1776 605 1816 (c.
629 1776 694 1820 26)
723 1785 802 1811 esse
830 1775 993 1819 tenuem,
1024 1784 1172 1810 carnem
1201 1784 1260 1810 eos
1281 1784 1354 1810 non
1375 1775 1495 1820 edere,
1526 1774 1587 1811 sed

251 1914 286 1936 τε
320 1901 354 1937 αἱ
384 1901 418 1939 ἐς
445 1900 555 1936 νέωτα
584 1901 670 1949 ὧραι
698 1901 875 1939 δώσουσιν.
921 1901 1063 1938 Putant
1092 1899 1217 1948 κόσμον
1247 1911 1325 1936 esse
1349 1903 1449 1950 ζῷον.
1495 1902 1589 1939 Deos

251 1977 329 2004 esse
357 1965 496 2003 multos
525 1966 562 2003 in
594 1965 704 2013 caelo,
735 1965 873 2003 multos
902 1964 941 2002 in
972 1963 1151 2011 maribus,
1192 1963 1370 2012 sontibus,
1401 1965 1589 2013 amnibus,

250 2028 389 2065 multos
418 2029 457 2065 in
486 2030 597 2072 terra,
627 2029 726 2075 apud
754 2029 892 2065 inferos
922 2028 1123 2064 nonnullos
1155 2028 1200 2075 (c.
1232 2030 1282 2064 34
1312 2032 1382 2076 sq.)
1441 2030 1589 2066 Iarchas

253 2092 445 2141 praeterea
475 2095 520 2138 (c.
544 2093 609 2137 41)
638 2102 722 2128 cum
745 2090 941 2139 Apollonio
970 2090 1116 2128 occulta
1145 2090 1333 2139 colloquia
1362 2092 1591 2141 (ἀπορρήτους

251 2155 413 2202 σπουδάς)
442 2155 618 2192 habuisse
648 2154 787 2191 dic-itur
816 2156 888 2202 περὶ
920 2155 1077 2202 ἀστρικῆς
1101 2154 1260 2203 μαντείας
1279 2156 1333 2191 καὶ
1353 2156 1588 2203 προγνώσεως,

252 2217 339 2258 Τοὺς
367 2221 510 2267 μαντικῇ
540 2218 722 2267 χαίροντας
749 2217 830 2255 fieri
860 2217 973 2256 θείους
1002 2219 1037 2263 et
1067 2229 1132 2265 pro
1162 2218 1282 2255 salute
1302 2218 1460 2255 aliorum
1482 2230 1591 2267 agere

252 2283 300 2330 (e.
332 2285 409 2327 42).

358 2345 638 2382 Bardesanes
659 2344 856 2393 (Porphyr.
878 2345 923 2381 de
943 2344 1078 2381 abstin.
1103 2344 1167 2390 IV,
1192 2347 1236 2381 17
1259 2356 1338 2392 sqq.
1360 2357 1394 2392 p.
1418 2347 1491 2382 256
1509 2358 1588 2395 sqq.

252 2409 400 2456 Nauck)
429 2409 541 2457 longe
570 2408 680 2446 aliter
710 2408 755 2445 de
777 2401 998 2456 Bragmanis'
1020 2406 1182 2444 disserit.
1230 2406 1303 2453 Qui
1323 2409 1591 2446 consuetudine

364 2569 386 2607 ¹)
411 2569 624 2598 Philostratus
650 2578 687 2597 vx
714 2568 896 2600 Herodoto..
914 2567 1137 2608 Xenophonte,
1162 2567 1267 2598 (resia
1285 2542 1430 2598 hutisisse
1455 2569 1580 2598 vitluzui·

254 2622 303 2660 (E.
328 2622 491 2662 Meyer,
515 2621 625 2650 Herm.
650 2623 689 2651 52
715 2621 825 2658 (1917)
850 2631 879 2659 p.
905 2622 990 2658 376).
