1737 2989
812 777 845 814 1.

136 852 250 895 Quae
297 851 446 890 Graeci
500 852 740 899 scriptores
758 777 845 890 §de
890 839 1233 899 Bragmanorum
1280 850 1374 889 vita.
1425 851 1471 890 et

545 914 738 953 moribus
765 913 1046 953 tradiderint.

245 987 399 1026 Constat
427 987 651 1026 Graecorum
686 988 760 1026 iam
804 988 930 1037 poetas
973 987 1256 1037 antiquissimos
1291 988 1469 1026 barbaras

134 1053 261 1102 gentes
286 1053 495 1101 -tamquam
538 1052 706 1101 exempla
749 1051 944 1090 hominum
982 1052 1176 1090 beatorum
1205 1052 1242 1090 et
1268 1052 1469 1101 proborum

135 1117 418 1165 praedicavisse.
448 1116 640 1163 Imprimis
661 1114 800 1164 ἔσχατοι
815 1116 948 1165 ἀνδρῶν
962 1115 1226 1162 laudabantur,
1243 1116 1286 1153 ut
1300 1114 1470 1164 Scythae.

134 1179 190 1228 (A.
221 1179 339 1226 Riese,
384 1179 453 1216 Die
496 1178 769 1228 Idealisierung
811 1179 877 1217 der
904 1178 1156 1216 Naturvolker
1201 1178 1265 1217 des
1301 1178 1470 1217 Nordens

133 1244 170 1280 in
222 1244 287 1281 der
334 1243 473 1291 griech.
517 1254 552 1281 u.
598 1247 687 1281 rom.
718 1243 919 1281 Literatur.
978 1242 1181 1280 Frankfnrt
1209 1255 1242 1281 a.
1272 1242 1323 1280 M.
1357 1243 1469 1281 1875.

132 1319 168 1355 p.
201 1308 220 1342 7
253 1309 348 1356 sqq).
406 1306 608 1355 Postquam
648 1305 858 1344 Alexander
886 1306 1046 1355 Magnus
1089 1305 1339 1356 expeditiones
1383 1305 1470 1344 illas

133 1370 374 1408 admirabiles
403 1370 504 1418 fecit,
548 1371 676 1418 gentes
706 1381 800 1419 quae
829 1369 990 1408 maxime
1018 1370 1064 1407 ad
1093 1370 1285 1420 regionem
1314 1370 1470 1410 orient-is

134 1433 358 1481 incolebant,
388 1433 710 1484 praedicabantur.
757 1435 806 1473 Ut
834 1433 952 1483 legati
980 1433 1026 1471 ad
1047 1434 1302 1472 Alexandrum
1324 1433 1471 1472 venisse

138 1498 315 1536 dicuntur
344 1498 537 1545 Abiorum,
568 1509 659 1547 quos
690 1496 842 1536 Curtius
862 1497 952 1545 (VII
973 1498 1008 1545 6,
1033 1500 1095 1544 11)
1124 1498 1217 1535 dicit
1245 1497 1470 1536 iustissimos

133 1562 374 1599 barbarorum
403 1561 541 1607 fuisse3
581 1561 719 1608 „armis
749 1561 988 1599 abstinebant
1017 1561 1090 1598 nisi
1119 1561 1311 1607 lacessiti;
1357 1561 1470 1599 liber-

133 1624 222 1662 tatis
252 1624 419 1669 modieus
449 1625 485 1661 et
513 1624 684 1672 aequalis
713 1625 840 1662 usus.“
898 1623 1021 1670 (Riese
1049 1636 1085 1673 p.
1117 1624 1199 1672 22.)

181 1715 184 1716 γ
242 1687 362 1724 Etiam
389 1686 612 1724 Posidonius
642 1686 686 1723 de
715 1686 890 1736 gentibus
920 1686 1180 1724 remotissimis
1210 1686 1299 1735 egit.
1332 1686 1467 1734 (Kroll‚

138 1750 288 1789 Wiener
317 1750 473 1789 Studien
504 1750 552 1788 37
583 1763 618 1800 p.
649 1752 753 1798 227.)
809 1751 881 1799 Qui
911 1751 1088 1790 disseruit
1126 1750 1263 1801 (Sti-ab.
1293 1750 1364 1791 VII
1393 1753 1469 1790 296

135 1816 178 1852 fr.
210 1816 275 1860 92)
304 1815 428 1864 Mysos
458 1815 623 1864 ἐμψύχων
652 1814 856 1863 ἀπέχεσθαι.
891 1815 945 1851 διὰ
973 1815 1011 1851 δὲ
1039 1817 1136 1851 τοῦτο
1165 1816 1221 1852 καὶ
1249 1813 1468 1864 θρεμμάτων.

134 1878 362 1927 Scriptorum
402 1878 623 1917 Latinorum
654 1878 763 1917 Riese
810 1881 862 1928 (p.
894 1879 943 1917 24
972 1878 1074 1928 sqq.)
1121 1878 1228 1917 affert
1271 1878 1492 1933 Horatium⁴

137 1941 201 1989 (cf.
232 1942 339 1979 Kroll
369 1942 392 1980 l.
424 1943 450 1980 1.
481 1954 514 1989 p.
548 1942 743 1988 227,230)‚
787 1941 1010 1990 Vergilium,
1048 1942 1250 1988 Iustinum,
1280 1941 1471 1990 Senecam,

132 2005 316 2043 Tacitum.
360 2005 539 2051 Iustinus,
569 2006 612 2043 ut
631 2005 841 2055 exemplum
861 2005 1026 2052 afferam,
1054 2005 1144 2043 haec
1164 2005 1315 2043 disserit
1340 2004 1391 2053 (II
1412 2006 1468 2054 2);

138 2069 385 2111 „Hominibus
429 2070 495 2117 (sc.
532 2068 697 2117 Scythis)
735 2070 833 2106 inter
861 2081 899 2106 se
928 2069 1027 2106 nulli
1057 2070 1175 2114 fines;
1221 2081 1340 2118 neque
1369 2071 1469 2107 enim

133 2142 264 2179 agrum
308 2133 477 2170 exercent
519 2143 587 2169 nec
628 2132 760 2170 domus
788 2131 868 2170 illis
897 2131 977 2171 ulla
1006 2133 1071 2170 aut
1099 2132 1239 2171 tectum
1270 2134 1336 2171 aut
1365 2132 1469 2172 sedes

134 2199 206 2232 est.
225 2226 232 2233 .
251 2195 420 2234 ,Iustitia
464 2196 586 2245 gentis
621 2196 785 2244 ingeniis
814 2196 928 2240 culta,
972 2208 1044 2234 non
1074 2197 1294 2245 legibus...
1358 2197 1470 2235 Lacte

133 2260 169 2294 et
198 2259 310 2296 melle
339 2260 610 2297 vescuntur...
660 2248 767 2297 'Haec
796 2260 1026 2297 continentia
1054 2259 1133 2297 illis
1156 2270 1302 2297 morum
1324 2271 1471 2309 quoque

133 2321 318 2361 iustitiam
347 2323 478 2371 edidit,
506 2323 604 2361 nihil
633 2323 798 2361 alienum
826 2323 1204 2372 concupiscentibus:
1235 2324 1373 2373 quippe
1393 2324 1466 2362 ibi-

133 2385 216 2423 dem
247 2386 465 2424 divitiarum
494 2387 630 2436 cupido
658 2388 727 2434 est,
756 2387 822 2424 ubi
851 2388 888 2425 et
916 2398 1017 2425 usus.
1063 2387 1186 2436 Atque
1214 2386 1360 2425 utinam
1380 2388 1469 2426 reli·

135 2449 218 2498 quis
248 2450 471 2489 mortalibus
502 2450 640 2489 sim‘ilis
668 2450 874 2490 moderatio
895 2450 1198 2501 abstinentiaque
1221 2451 1336 2490 alieni
1355 2451 1469 2491 foret:

132 2513 296 2560 profecto
326 2525 395 2551 non
425 2508 573 2551 tanturn
604 2514 789 2552 bellorum
818 2527 885 2564 per
904 2515 1031 2552 omnia
1051 2516 1198 2553 saecula
1218 2516 1328 2553 terris
1348 2516 1468 2553 omni-

134 2576 202 2611 bus
232 2576 524 2623 continuaretur,
556 2589 673 2626 neque
694 2578 778 2626 plus
798 2578 992 2617 hominum
1013 2579 1153 2616 ferrum
1178 2580 1214 2617 et
1234 2590 1338 2617 arma
1358 2589 1469 2628 quam
