1737 2989
581 114 929 179 ⁴--23—

144 267 376 310 Musonium,
411 266 637 316 Epictetum,
666 267 766 305 hunc
792 266 896 305 τόπον
924 277 1004 311 esse
1032 264 1202 317 διατριβῆς
1229 264 1472 311 demonstrat.

142 330 306 374 Disserit
346 330 392 370 de
419 330 490 369 hac
517 341 557 369 rc
585 331 700 369 etiam
744 330 789 369 E.
816 329 961 379 Bickel‚
1007 328 1179 369 Diatribe
1225 329 1264 368 in
1314 326 1473 367 senecae

139 395 354 445 philosophi
372 394 584 444 fragmenta
600 395 711 433 1915.
742 407 779 444 p.
801 395 889 434 180.
922 394 1092 444 „Differt
1102 394 1185 432 stoa
1203 394 1250 432 ab
1269 391 1473 436 Aristotele

141 451 332 506 suadente,
374 465 417 496 ut
458 456 709 496 adhibeantur
749 457 917 497 abortiva
963 457 1033 496 sub
1079 449 1295 512 condicione
1331 455 1476 508 certa.“>

139 522 275 576 (Zeller
293 522 332 562 11
348 521 391 560 2³
410 534 444 572 p.
467 522 558 571 731)
577 521 663 561 Toti
681 523 804 574 atstoa
822 522 924 561 stant
950 521 1162 571 christiani,
1183 521 1227 560 ut
1245 519 1469 560 Tertullian.

140 587 185 626 de
214 587 293 625 exh.
323 587 414 625 cast.
446 587 505 633 12,
535 587 582 624 ad
609 597 709 624 uxor.
739 586 759 625 Ι
787 588 809 624 5
839 587 909 625 etc.

249 663 429 710 174,20-24
478 660 617 708 „Arma
658 673 731 700 non
776 660 974 710 sumimus,
1015 661 1116 700 bella
1144 673 1217 711 non
1247 661 1469 714 gerimus.“]

140 726 335 766 Sententia
363 725 532 775 sequitur
560 737 603 764 ex
631 726 678 764 iis
708 737 803 775 quae
831 726 878 764 de
905 725 1065 775 avaritia
1092 726 1193 764 dicta
1218 728 1318 765 sunt.
1345 774 1347 779 Α
1376 726 1473 775 ,Die

140 791 404 839 Verbannung·
424 790 490 828 des
508 788 695 829 *Strebens
724 789 820 828 nach
848 789 974 828 Besitz
993 790 1069 828 und
1090 789 1215 829 Ehren
1234 792 1360 829 raumt
1377 791 1471 829 eben

141 855 200 893 die
248 846 512 903 Gegenstande
553 853 714 902 hinweg,
755 865 822 891 um
862 853 1120 892 derent-willen
1164 854 1225 892 die
1267 854 1472 893 Menschen

140 919 317 959 einander
341 930 404 962 ,zu
448 918 630 958 befehden
660 918 844 969 pflegen.“
902 917 1115 969 (Gompem
1144 916 1293 958 Griech.
1323 910 1473 958 Denker

138 983 194 1021 11²
221 996 258 1032 p.
291 984 381 1030 133)
409 982 562 1020 Bellum
590 994 612 1020 a
640 980 791 1030 Cynicis
820 993 894 1020 non
923 982 1075 1030 probari
1103 982 1203 1020 inter
1230 993 1358 1021 omnes
1385 993 1488 1022 con-.

139 1048 223 1086 stat.
279 1045 396 1095 (Phil.
425 1046 470 1085 de
499 1045 639 1084 Abrah.
670 1045 707 1094 3,
735 1044 893 1096 Epictet.
924 1044 1014 1084 diss.
1044 1045 1082 1084 II
1111 1045 1234 1095 22,28;
1272 1044 1383 1097 Diog.
1412 1057 1470 1096 ep.

139 1113 207 1156 ·20;
237 1111 321 1149 Sen.
343 1122 400 1160 ep.
421 1112 519 1155 95,.·,0
540 1122 621 1160 sq.;
651 1108 863 1148 Wendlaud
883 1122 921 1159 p.
942 1109 1014 1155 38;
1043 1110 1306 1153 Preisendanz,
1333 1109 1471 1148 Philol.

105 1173 107 1175 ’
138 1174 192 1222 N.>
208 1175 247 1212 F.
277 1175 324 1212 21
357 1175 529 1225 ρ.,101.)

249 1252 294 1287 17
301 1252 372 1297 4‚24
402 1249 482 1298 „De
510 1249 599 1287 fatis
618 1249 717 1287 nihil
735 1249 1004 1299 quaerimus.“]
1046 1249 1212 1288 Kuebler
1231 1249 1364 1288 scribit
1382 1261 1468 1288 cum

139 1313 244 1351 codd.
275 1312 339 1351 Pv
372 1312 623 1362 „querimur.“
685 1311 868 1362 Equidem
896 1323 981 1350 cum
1010 1311 1173 1351 LBENT
1201 1312 1263 1361 (cf.
1293 1313 1472 1363 append.)

140 1377 300 1415 scribam
347 1377 623 1426 „quaerimns.“
696 1376 776 1415 Hoc
817 1377 918 1416 enim
947 1375 1027 1416 loco
1054 1377 1258 1416 Dindimus
1287 1377 1470 1417 vaticina—

138 1441 279 1479 tionem
307 1440 577 1490 reprehendere
605 1432 765 1489 videtur,
794 1439 836 1478 id
863 1440 962 1489 quod
992 1438 1123 1490 Cynici
1152 1451 1262 1492 saepe
1289 1441 1469 1480 fecerunt.

141 1504 278 1554 (Zeller
306 1504 343 1542 ΙΙ
366 1503 405 1543 1⁴
433 1517 470 1555 p.
499 1504 594 1552 330;
624 1503 748 1550 Helm,
776 1503 923 1542 Lukian
950 1503 1029 1542 und
1049 1504 1204 1554 Menipp
1224 1516 1260 1554 p.
1280 1504 1354 1544 123
1373 1507 1473 1555 sqq.)

248 1580 293 1617 17
299 1581 370 1627 4,2o
400 1577 472 1630 sq]
516 1578 726 1618 Senectutis
755 1578 1012 1617 laudationem
1040 1577 1142 1616 τόπον
1170 1590 1249 1618 esse
1276 1579 1471 1630 popularis

139 1642 403 1692 philosophiae
413 1644 570 1681 constat.
599 1642 692 1690 (Cic.
709 1642 790 1681 Cat.
807 1642 859 1681 M.
875 1654 988 1692 pass,
1005 1642 1138 1683 Liban.
1153 1655 1205 1682 or.
1213 1643 1266 1681 IV
1285 1646 1396 1693 lsqq.
1412 1643 1473 1693 F.)

248 1717 552 1767 174‚2s—175,4]
576 1702 799 1767 'Sepulchra'
828 1716 1018 1756 luxuriose
1045 1718 1177 1756 ornata
1203 1718 1343 1756 iterum
1371 1717 1471 1759 vitu-

139 1783 315 1829 perantur
342 1784 394 1829 (v.
424 1782 471 1831 ad
491 1793 527 1831 p.
554 1782 673 1830 174,1)
696 1804 744 1810 -—
763 1782 926 1831 p..175,s
955 1780 1089 1820 Graeci
1117 1783 1352 1828 accusantur,
1373 1783 1471 1833 quod

139 1855 289 1894 corpora
317 1846 551 1883 mortuorum
579 1846 841 1884 concrement.
882 1846 988 1883 Hanc
1015 1845 1168 1895 quidem
1196 1846 1422 1885 sententiam
1450 1858 1472 1885 a

141 1905 353 1947 Christiano
396 1908 473 1947 sive
501 1909 652 1947 Iudaeo·
669 1908 820 1948 auctore
848 1905 1029 1959 scriptam
1058 1920 1138 1948 esse
1167 1921 1309 1948 censeo.
1365 1910 1473 1948 Hanc

139 1970 238 2007 enim
268 1982 386 2020 neque
415 1971 545 2021 Cynici
573 1983 694 2021 neque
713 1972 781 2010 alii
800 1971 1027 2010 Graecorum
1045 1972 1259 2023 philosophi
1281 1973 1471 2019 dicebaut,

68 2024 78 2029 ”
139 2034 201 2072 sed
231 2033 437 2074 Christiani
466 2037 502 2074 et
530 2035 673 2075 Iudaei.
698 2036 767 2087 (J.
789 2034 949 2082 Grimm,
978 2035 1075 2076 Abh.
1104 2036 1204 2076 Berl.
1225 2036 1344 2076 Akad.
1368 2036 1469 2076 1849

140 2107 175 2143 p.
210 2100 298 2145 197)
326 2099 625 2138 Tertullian.-de
653 2111 726 2138 cor.
755 2100 868 2138 milit.
889 2103 955 2138 11:
988 2102 1049 2148 „et
1068 2094 1304 2138 cremabitur
1331 2112 1373 2138 ex
1392 2100 1471 2139 dis-

140 2157 279 2207 ciplina
319 2162 501 2200 castrensi
543 2161 793 2207 Christianus,
836 2163 898 2201 cni
939 2173 1103 2201 cremare
1131 2174 1205 2201 non
1241 2161 1363 2208 licuit,
1410 2163 1472 2201 cui

141 2219 310 2261 Christus
339 2226 475 2263 merita
505 2226 606 2275 ignis
636 2226 835 2267 indulsit.“
892 2226 948 2265 Id.
980 2226 1025 2264 de
1053 2238 1189 2265 resurr.
1211 2238 1312 2265 carn.
1336 2230 1376 2265 l:
1410 2229 1473 2276 „at

140 2294 206 2331 ego
247 2287 371 2335 magis
408 2287 537 2326 ridebo
567 2289 704 2338 vulgus
732 2290 825 2327 tunc
855 2299 1003 2339 quoque
1032 2284 1118 2327 cum
1146 2289 1247 2338 ipsos
1267 2288 1471 2328 defunctos

139 2348 368 2390 atrocissime
396 2351 531 2402 exurit,
561 2364 653 2406 quos
682 2352 1191 2405 postmodum-gulosissime
1226 2353 1361 2404 nutrit,
1403 2353 1470 2393 iis-

140 2411 223 2449 dem
253 2413 407 2466 ignibus
424 2417 475 2452 .et
502 2422 717 2464 promerens
745 2420 783 2455 et
810 2417 1040 2467 offendens.“
1073 2439 1122 2447 —
1152 2419 1248 2460 Tac..
1267 2418 1355 2457 hist.
1385 2418 1419 2455 V
1448 2419 1470 2454 5

139 2472 231 2511 dicit
272 2475 428 2516 Iudaeos
475 2489 650 2529 „corpora
678 2479 835 2520 condere
864 2491 978 2531 quam
1007 2491 1182 2533 cremare,
1221 2492 1240 2519 e
1269 2491 1371 2520 more
1400 2481 1471 2519 Ae·

139 2537 303 2585 gyptio.“
360 2539 527 2589 (Grimm
556 2543 580 2581 1.
610 2543 635 2581 1.
668 2556 703 2593 p.
734 2545 824 2591 207,
855 2536 960 2596 546).

272 2980 373 2989 ‚nani-„nst
