1737 2989
769 177 1030 215 ,38-

230 305 439 344 informans
469 305 535 355 ΕΙ
564 306 610 343 19
642 317 772 344 causas
802 307 954 346 omnino
984 308 1024 347 C.
1054 308 1090 345 et
1123 305 1301 358 remedia]
1331 319 1398 346 om.
1432 308 1463 345 (J
1485 308 1490 357 Ι
1516 309 1565 346 20

231 372 274 408 ut
301 369 436 422 fertur]
465 383 533 407 om.
564 384 598 407 α.
630 370 784 409 offertur
813 371 899 409 EN
919 373 926 420 Ι
951 374 995 410 21
1029 372 1296 421 phisophorum
1327 373 1365 412 C.

335 445 379 482 p.
407 436 491 474 170.
552 437 565 471 1
600 434 786 482 quendam
827 436 971 474 cultum
1000 435 1044 473 N
1066 436 1071 485 Ι
1097 437 1119 473 2
1149 436 1370 487 singularis]
1415 450 1483 476 om.
1525 438 1564 477 C.

228 499 375 538 inducit
404 497 508 535 ΕΝα
532 498 537 546 Ι
563 499 586 536 3
616 510 704 535 nam
732 511 800 537 nec
830 501 933 538 vobis
963 500 1106 549 aliquid
1136 511 1177 537 ex
1206 500 1274 537 hoc
1314 500 1478 539 iacturae
1510 514 1563 550 pr.

233 565 264 601 (J
290 574 376 601 nam
420 575 487 601 nec
515 561 620 599 vobis
649 562 797 611 aliquid
826 563 991 602 iacturae
1021 576 1062 601 ex
1092 563 1159 601 hoc
1187 576 1241 612 pr.
1273 563 1317 600 N
1340 565 1344 612 Ι
1371 565 1392 600 5
1422 577 1479 602 res
1509 567 1566 603 est

232 627 322 664 EN.
383 626 611 664 commonita
641 626 673 663 C
699 629 937 665 cummunita
967 627 1005 664 E
1026 628 1032 675 Ι
1058 629 1079 663 6
1115 628 1340 675 participata
1383 628 1487 665 ΕΝα
1512 630 1517 677 Ι
1543 630 1562 665 7

230 692 284 741 ex]
315 704 385 728 om.
420 690 465 728 T.
495 692 538 728 ut
580 691 612 728 si
656 702 742 728 cum
786 702 862 729 una
905 691 984 729 face
1027 691 1169 729 lumina
1211 692 1421 730 accenderis
1458 694 1489 729 (J
1511 694 1517 742 Ι
1542 693 1564 730 8

229 756 401 793 materiei
430 755 469 791 E
491 755 496 803 Ι
522 756 543 792 9
573 754 657 803 plus
689 777 737 782 —
771 756 819 793 10
849 755 993 793 invenit
1013 768 1080 792 om.
1105 754 1136 791 (5
1158 756 1163 803 Ι
1193 756 1239 793 10
1260 754 1494 804 Quapropter
1516 778 1564 784 —

233 821 276 857 11
310 819 492 868 quaesitis
521 831 589 858 om.
626 817 678 857 N.
723 820 770 856 10
799 817 851 869 te]
882 832 951 858 om.
978 819 1063 863 ΕαΙ
1092 821 1133 856 11
1163 818 1358 870 quaesitis]
1380 832 1473 867 quae
1493 821 1564 859 scis

230 884 289 931 G]
318 882 436 932 12Ι13
465 882 595 919 Prima
623 882 815 930 responsio
844 883 1013 919 Dindimi
1034 882 1131 931 regis
1151 882 1199 919 E.
1246 883 1448 931 Responsio
1472 884 1564 921 Din-

231 947 337 994 dimi,
368 959 396 984 r.
427 946 504 993 Br.‚
535 946 581 983 ad
612 945 673 984 Al.
704 957 832 995 regem
863 945 914 983 N.
956 946 1096 994 Incipit
1123 946 1282 994 epistola
1302 946 1472 984 Dindimi
1494 949 1561 987 etc.

234 1009 270 1047 T
292 1010 298 1058 Ι
327 1011 373 1047 13
403 1020 528 1058 regem
559 1020 686 1058 magn.
717 1008 830 1060 Mac]
858 1022 926 1047 om.
959 1011 984 1043 (f
1011 1009 1016 1057 Ι
1044 1010 1091 1045 14
1120 1010 1168 1056 te,
1206 1010 1425 1058 Alexander,
1470 1011 1564 1048 scire

230 1073 346 1111 (JEN
367 1074 372 1122 Ι
402 1076 447 1111 15
476 1072 529 1123 te]
558 1085 627 1111 om.
659 1072 712 1110 N.
772 1073 937 1122 profiteri
980 1072 1084 1109 ΕΝα
1109 1073 1114 1121 Ι
1143 1074 1188 1110 16
1219 1072 1333 1125 belle]
1380 1074 1488 1112 valde
1524 1075 1567 1111 N

229 1137 326 1175 velle
360 1136 404 1175 Τ.
461 1137 569 1174 valde
598 1136 858 1174 collaudamus
887 1137 932 1174 E.
964 1136 1058 1173 velle
1088 1147 1172 1173 cum
1202 1137 1363 1181 laudem,
1386 1138 1563 1185 quoniam

232 1200 331 1251 quod
374 1200 497 1238 solum
540 1201 608 1238 etc.
655 1200 695 1237 (J.
720 1206 804 1249 post
845 1200 900 1237 est
928 1199 1013 1238 add.
1045 1198 1301 1248 philosophiae
1332 1200 1397 1249 ΕΙ
1427 1201 1472 1238 18
1503 1212 1561 1239 ex-

228 1277 308 1303 cors
338 1265 385 1302 E.
416 1264 530 1313 solus]
562 1277 633 1302 om.
665 1263 705 1301 C.
736 1265 858 1301 solum
887 1276 957 1301 non
980 1263 1023 1300 N
1045 1265 1050 1311 Ι
1080 1265 1125 1301 19
1148 1262 1339 1314 quoniam]
1363 1265 1462 1313 quod
1484 1264 1562 1303 GE.

229 1329 325 1367 mihi
354 1328 444 1366 satis
474 1327 519 1364 N
542 1328 547 1376 Ι
574 1328 624 1365 20
653 1326 705 1378 te]
735 1340 804 1364 om.
835 1327 874 1363 E
891 1341 912 1363 α
937 1328 941 1375 Ι
968 1328 1016 1365 23
1047 1329 1166 1365 tacere
1208 1328 1317 1376 teque
1347 1339 1458 1377 super
1486 1328 1558 1376 his,

229 1406 263 1442 q.
293 1406 343 1442 p.,
388 1392 476 1430 dare
520 1390 667 1429 veniam
704 1391 746 1428 C.
776 1392 897 1428 tacere
926 1392 961 1428 et
990 1403 1010 1428 a
1038 1393 1075 1429 te
1103 1391 1198 1428 mihi
1228 1391 1375 1429 veniam
1405 1392 1474 1429 sub
1503 1391 1562 1429 his

229 1458 299 1494 etc.
356 1455 403 1493 N
424 1456 429 1503 Ι
456 1458 505 1493 24
535 1456 623 1493 dare
655 1455 732 1491 ΟΕ.
791 1455 991 1504 deprecari]
1026 1468 1095 1493 om.
1127 1454 1240 1493 ΕΝα.
1284 1456 1380 1493 mihi
1414 1468 1480 1493 nec
1513 1456 1560 1493 N.
1631 1448 1640 1459 '

227 1520 396 1570 suppetit
424 1519 547 1558 ullum
578 1518 618 1556 C.

332 1594 374 1631 p.
404 1585 476 1623 171.
536 1584 557 1619 3
590 1583 634 1620 de
663 1582 784 1631 nobis]
828 1595 895 1619 om.
928 1584 967 1620 (Τ.
997 1582 1158 1630 prolatos
1203 1582 1248 1619 ad
1279 1585 1315 1620 te
1348 1583 1409 1632 E]
1435 1585 1458 1620 4
1488 1595 1561 1621 res—

225 1648 311 1697 pnis
340 1647 537 1696 (respuisil)
568 1647 594 1681 ί,
621 1647 627 1694 Ι
653 1648 674 1684 5
699 1652 785 1683 ante
815 1646 907 1683 solet
935 1646 1022 1683 add.
1054 1657 1127 1683 non
1157 1646 1196 1682 E
1218 1647 1223 1694 Ι
1249 1648 1271 1683 6
1307 1646 1468 1695 percipe]
1499 1659 1561 1684 ac-

226 1712 308 1761 cipe
350 1711 398 1749 Ε.
429 1711 503 1749 fide
534 1711 573 1747 C.
606 1710 728 1759 beate]
774 1711 865 1747 bene
909 1709 972 1757 ΕΙ
1000 1712 1019 1747 7
1050 1710 1253 1748 habeamus
1290 1710 1329 1748 C.
1375 1710 1432 1747 tui
1475 1719 1579 1752 sane'

226 1774 332 1813 ΕΝα
356 1775 361 1824 Ι
387 1776 409 1813 8
440 1774 498 1825 ea]
542 1787 611 1811 om.
642 1773 714 1810 Εα.
759 1773 981 1822 proferimus
1024 1774 1091 1810 Noc
1132 1775 1385 1829 praeferemus
1421 1774 1485 1824 ΕΙ
1514 1776 1560 1812 10

227 1838 343 1890 Gens]
374 1839 501 1877 Genus
534 1838 612 1876 GE.
644 1837 779 1886 igitur]
811 1849 897 1886 ergo
928 1839 984 1886 (Ἰ
1014 1841 1053 1875 11
1089 1838 1215 1876 Nullis
1257 1838 1397 1888 rerum]
1435 1838 1561 1876 nullus

227 1914 311 1940 reus
343 1901 374 1939 C
400 1901 498 1939 nihil
527 1901 566 1937 E
594 1900 738 1938 nullius
781 1901 834 1937 rei
880 1900 951 1949 ΔἸ
980 1903 1023 1938 12
1055 1902 1238 1949 efflagitat
1279 1902 1345 1948 ΕΙ
1375 1903 1420 1939 13
1465 1902 1562 1949 quod

228 1978 300 2004 non
332 1967 387 2003 est
416 1965 648 2014 superfluum
680 1963 740 2012 C]
768 1966 814 2001 14
836 1971 921 2011 post
951 1975 1095 2013 semper
1124 1965 1211 2002 add.
1244 1966 1299 2002 est
1330 1964 1387 2014 C]
1415 1966 1461 2002 15
1482 1971 1563 2013 post

227 2029 411 2068 elementa
440 2029 527 2065 add.
558 2039 624 2065 nos
655 2027 694 2065 C.
726 2028 938 2065 discurrens
966 2040 1030 2076 per
1058 2029 1183 2066 omnia
1204 2040 1354 2066 currens
1381 2028 1563 2066 elementa

227 2093 293 2141 ΕΙ
319 2092 510 2141 16ΐθιὛο]
540 2104 607 2133 om,
638 2091 687 2128 Ε.
716 2089 910 2141 inviolata]
941 2092 1108 2130 involuta
1148 2092 1214 2129 CE
1240 2092 1244 2141 Ι
1274 2094 1318 2129 17
1350 2091 1561 2143 oneramus]

227 2156 451 2194 honeramus
481 2155 520 2191 E
546 2155 771 2192 honoramus
807 2153 868 2203 ΤΙ
897 2155 942 2191 18
972 2156 1223 2205 numeramus]
1247 2155 1483 2193 nominamus
1507 2155 1560 2193 N.

226 2225 263 2258 et
307 2217 473 2270 nomina]
518 2231 587 2255 om.
634 2217 705 2267 ΝΙ
735 2219 780 2255 19
811 2217 1036 2269 defruimur]
1079 2219 1241 2257 fruimur
1271 2219 1302 2257 C
1333 2218 1563 2268 perfruimur

226 2284 271 2321 N
293 2285 299 2333 Ι
325 2284 375 2321 20
405 2283 606 2321 herbarum
636 2283 693 2319 est
712 2281 816 2319 ΕΝα
842 2282 847 2330 Ι
873 2284 919 2319 21
942 2283 980 2319 in
1001 2283 1142 2321 alienas
1163 2284 1358 2322 constituti
1379 2284 1561 2333 pernicies

225 2347 407 2385 auxilium
450 2346 614 2394 petimus
659 2344 690 2381 C
712 2346 718 2394 Ι
744 2346 792 2382 22
837 2344 925 2395 non]
967 2357 1035 2385 om.
1067 2346 1106 2383 C.
1137 2346 1357 2395 deprecatur
1393 2346 1441 2383 E.
1472 2345 1561 2397 alio]

225 2413 342 2450 altero
378 2409 457 2449 ΕΝ
479 2410 485 2458 Ι
510 2410 562 2447 26
591 2407 700 2460 quae]
731 2420 822 2458 quas
844 2408 947 2446 ΕΝα
973 2409 978 2458 Ι
1004 2410 1051 2446 27
1073 2409 1279 2461 proferunt]
1300 2410 1483 2458 peperunt
1507 2408 1560 2447 N.

329 2486 372 2523 p.
400 2476 486 2514 172.
542 2476 565 2511 4
595 2472 726 2522 Culpis
756 2474 892 2511 nostris
924 2474 964 2513 C.
996 2473 1217 2511 remittenda
1238 2472 1269 2511 C
1291 2476 1296 2522 Ι
1323 2475 1344 2510 5
1369 2473 1560 2523 congesta]

223 2540 402 2578 comiesta
434 2539 611 2587 (convecta
622 2535 651 2587 ?)
679 2536 720 2574 E
741 2537 746 2587 Ι
773 2539 795 2575 6
826 2537 1001 2586 dispensa
1030 2536 1070 2573 Ε
1091 2537 1097 2585 Ι
1123 2538 1143 2573 7
1166 2537 1294 2585 noxae]
1322 2536 1421 2574 noxii
1442 2535 1485 2573 N
1507 2535 1513 2585 Ι
1539 2538 1560 2574 8

222 2603 382 2641 fortasse
413 2605 443 2639 G
466 2602 471 2650 Ι
498 2603 519 2638 9
550 2601 658 2649 parta
688 2600 742 2638 N.
774 2600 893 2650 vitiis]
926 2601 1044 2638 virtus
1067 2600 1105 2636 C.
1139 2600 1388 2649 largientibus
1415 2598 1459 2635 N
1480 2600 1485 2648 Ι
1514 2601 1562 2638 10
